
@incollection{warnke_18_2018,
	title = {18. Diskurslinguistik und Online-Kommunikation},
	isbn = {978-3-11-029607-5},
	url = {https://www.degruyter.com/document/doi/10.1515/9783110296075-018/html},
	pages = {426--446},
	booktitle = {Handbuch Diskurs},
	publisher = {De Gruyter},
	author = {Meier, Stefan},
	editor = {Warnke, Ingo H.},
	urldate = {2022-03-09},
	date = {2018-09-24},
	doi = {10.1515/9783110296075-018},
}

@article{efe_corpus-based_2015,
	title = {A corpus-based discourse analysis of the vision and mission statements of universities in Turkey},
	volume = {34},
	issn = {0729-4360, 1469-8366},
	url = {http://www.tandfonline.com/doi/full/10.1080/07294360.2015.1070127},
	doi = {10.1080/07294360.2015.1070127},
	pages = {1110--1122},
	number = {6},
	journaltitle = {Higher Education Research \& Development},
	shortjournal = {Higher Education Research \& Development},
	author = {Efe, Ibrahim and Ozer, Omer},
	urldate = {2022-03-09},
	date = {2015-11-02},
	langid = {english},
}

@article{baker_useful_2008,
	title = {A useful methodological synergy? Combining critical discourse analysis and corpus linguistics to examine discourses of refugees and asylum seekers in the {UK} press},
	volume = {19},
	issn = {0957-9265, 1460-3624},
	url = {http://journals.sagepub.com/doi/10.1177/0957926508088962},
	doi = {10.1177/0957926508088962},
	shorttitle = {A useful methodological synergy?},
	abstract = {This article discusses the extent to which methods normally associated with corpus linguistics can be effectively used by critical discourse analysts. Our research is based on the analysis of a 140-million-word corpus of British news articles about refugees, asylum seekers, immigrants and migrants (collectively {RASIM}). We discuss how processes such as collocation and concordance analysis were able to identify common categories of representation of {RASIM} as well as directing analysts to representative texts in order to carry out qualitative analysis. The article suggests a framework for adopting corpus approaches in critical discourse analysis.},
	pages = {273--306},
	number = {3},
	journaltitle = {Discourse \& Society},
	shortjournal = {Discourse \& Society},
	author = {Baker, Paul and Gabrielatos, Costas and {KhosraviNik}, Majid and Krzyżanowski, Michał and {McEnery}, Tony and Wodak, Ruth},
	urldate = {2022-03-22},
	date = {2008-05},
	langid = {english},
}

@article{misir_be_2022,
	title = {“Be a better version of you!”: A corpus-driven critical discourse analysis of {MOOC} platforms' marketing communication},
	volume = {69},
	issn = {08985898},
	url = {https://linkinghub.elsevier.com/retrieve/pii/S0898589822000109},
	doi = {10.1016/j.linged.2022.101021},
	shorttitle = {“Be a better version of you!”},
	pages = {101021},
	journaltitle = {Linguistics and Education},
	shortjournal = {Linguistics and Education},
	author = {Mısır, Hülya and Işık-Güler, Hale},
	urldate = {2022-03-09},
	date = {2022-06},
	langid = {english},
}

@article{fuoli_building_2018,
	title = {Building a Trustworthy Corporate Identity: A Corpus-Based Analysis of Stance in Annual and Corporate Social Responsibility Reports},
	volume = {39},
	issn = {0142-6001, 1477-450X},
	url = {https://academic.oup.com/applij/article/39/6/846/2993170},
	doi = {10.1093/applin/amw058},
	shorttitle = {Building a Trustworthy Corporate Identity},
	pages = {846--885},
	number = {6},
	journaltitle = {Applied Linguistics},
	author = {Fuoli, Matteo},
	urldate = {2022-03-23},
	date = {2018-12-01},
	langid = {english},
	file = {Volltext:C\:\\Users\\ma1171168\\Zotero\\storage\\73XNL2SF\\Fuoli - 2018 - Building a Trustworthy Corporate Identity A Corpu.pdf:application/pdf},
}

@incollection{mautner_business_2021,
	location = {London ; New York},
	title = {Business Discourse},
	series = {Routledge handbooks in applied linguistics},
	pages = {319--},
	booktitle = {The Routledge Handbook of Corpus Approaches to Discourse Analysis},
	publisher = {Routledge},
	author = {Mautner, Gerlinde},
	editor = {Friginal, Eric and Hardy, Jack A.},
	date = {2021},
}

@book{breeze_corporate_2013,
	location = {London},
	title = {Corporate discourse},
	isbn = {978-1-4411-2718-1 978-1-4411-7753-7},
	series = {Bloomsbury discourse},
	pagetotal = {209},
	publisher = {Bloomsbury Academic, An imprint of Bloomsbury Publishing Plc},
	author = {Breeze, Ruth},
	date = {2013},
	keywords = {Business communication},
}

@collection{rudiger_corpus_2020,
	location = {Amsterdam},
	title = {Corpus Approaches to Social Media},
	volume = {98},
	isbn = {978-90-272-0794-4 978-90-272-6049-9},
	url = {http://www.jbe-platform.com/content/books/9789027260499},
	series = {Studies in Corpus Linguistics},
	publisher = {John Benjamins Publishing Company},
	editor = {Rüdiger, Sofia and Dayter, Daria},
	urldate = {2022-03-09},
	date = {2020-11-15},
	langid = {english},
	doi = {10.1075/scl.98},
}

@book{collins_corpus_2019,
	location = {London ; New York},
	title = {Corpus linguistics for online communication: a guide for research},
	isbn = {978-0-429-05709-0 978-0-429-61479-8 978-1-138-71896-8},
	series = {Routledge corpus linguistics guides},
	shorttitle = {Corpus linguistics for online communication},
	pagetotal = {1},
	publisher = {Routledge/Taylor and Francis Group},
	author = {Collins, Luke},
	date = {2019},
	keywords = {Communication, Data processing},
}

@book{mcenery_corpus_2012,
	location = {Cambridge},
	title = {Corpus linguistics: method, theory and practice},
	isbn = {978-0-521-83851-1 978-0-521-54736-9},
	series = {Cambridge textbooks in linguistics},
	shorttitle = {Corpus linguistics},
	abstract = {"Corpus linguistics is the study of language data on a large scale - the computer-aided analysis of very extensive collections of transcribed utterances or written texts. This textbook outlines the basic methods of corpus linguistics, explains how the discipline of corpus linguistics developed, and surveys the major approaches to the use of corpus data. It uses a broad range of examples to show how corpus data has led to methodological and theoretical innovation in linguistics in general. Clear and detailed explanations lay out the key issues of method and theory in contemporary corpus linguistics. A structured and coherent narrative links the historical development of the field to current topics in 'mainstream' linguistics. Practical activities and questions for discussion at the end of each chapter encourage students to test their understanding of what they have read and an extensive glossary provides easy access to definitions of technical terms used in the text"--},
	pagetotal = {294},
	publisher = {Cambridge University Press},
	author = {{McEnery}, Tony and Hardie, Andrew},
	date = {2012},
	note = {{OCLC}: ocn732967848},
	keywords = {Corpora (Linguistics)},
}

@online{dance_corpus_2019,
	title = {Corpus methods and multimodal data: A new approach},
	url = {http://cass.lancs.ac.uk/corpus-methods-and-multimodal-data-a-new-approach/},
	shorttitle = {Corpus methods and multimodal data},
	titleaddon = {{ESRC} Centre for Corpus Approaches to Social Science ({CASS})},
	author = {Dance, William and Christiansen, Alex and Wild, Alexander},
	urldate = {2020-04-26},
	date = {2019-02-26},
	langid = {american},
	file = {Snapshot:C\:\\Users\\ma1171168\\Zotero\\storage\\WIA7ZSGZ\\corpus-methods-and-multimodal-data-a-new-approach.html:text/html},
}

@book{berger_gesellschaftliche_2018,
	location = {Frankfurt am Main},
	edition = {27},
	title = {Die gesellschaftliche Konstruktion der Wirklichkeit: eine Theorie der Wissenssoziologie},
	isbn = {978-3-596-26623-4},
	shorttitle = {Die gesellschaftliche Konstruktion der Wirklichkeit},
	publisher = {Fischer},
	author = {Berger, Peter L. and Luckmann, Thomas and Plessner, Helmuth},
	date = {2018},
}

@article{mell_digitale_2021,
	title = {Digitale Diskursanalyse: Annotation und formale Modellierung von Diskursen},
	volume = {Bd. 3 Nr. 1},
	rights = {Creative Commons Attribution 4.0 International},
	url = {https://majournals.bib.uni-mannheim.de/diskurse-digital/article/view/167},
	doi = {10.25521/DISKURSE-DIGITAL.2021.167},
	shorttitle = {Digitale Diskursanalyse},
	abstract = {Dieser Beitrag widmet sich einer Auslegung des Begriffs digitale Diskursanalyse und fokussiert dabei auf den Aspekt des Digitalen. Wir argumentieren, dass Digitalität sich nicht auf Diskursmedium und -material oder verwendete Analysewerkzeuge bezieht, sondern für einen epistemologischen Ansatz steht, der es erlaubt, bislang eher vage und narrativ formulierte Elemente von Diskursen zu explizieren. So ist es möglich, Diskurse tatsächlich zu modellieren und empirisch fundierte Aussagen abzuleiten. Wir stellen den Prozess der Annotation von Diskursen auf verschiedenen Ebenen ins Zentrum und gelangen so zu einer adäquaten Sicht von digitaler Diskursanalyse als wissenschaftlich explizite und reproduzierbare Modellierung.},
	pages = {23--51 Seiten},
	journaltitle = {Diskurse – digital},
	author = {Mell, Ruth M. and Mahlow, Cerstin},
	urldate = {2022-03-09},
	date = {2021-09-29},
	langid = {german},
	note = {Artwork Size: 23-51 Seiten
Publisher: Diskurse – digital},
}

@book{burel_identitatspositionierungen_2015,
	title = {Identitätspositionierungen der {DAX}-30-Unternehmen: Die sprachliche Konstruktion von Selbstbildern},
	isbn = {978-3-11-043935-9},
	url = {https://www.degruyter.com/document/doi/10.1515/9783110432879/html},
	shorttitle = {Identitätspositionierungen der {DAX}-30-Unternehmen},
	publisher = {{DE} {GRUYTER}},
	author = {Burel, Simone},
	urldate = {2022-03-23},
	date = {2015-08-28},
	doi = {10.1515/9783110432879},
}

@article{teubert_korpuslinguistik_2006,
	title = {Korpuslinguistik, Hermeneutik und die soziale Konstruktion der Wirklichkeit},
	volume = {28},
	rights = {Copyright (c) 2013 Wolfgang Teubert},
	issn = {1615-3014},
	doi = {10.13092/lo.28.610},
	abstract = {In this article, I attempt to embed corpus linguistics in a framework of social constructionism and hermeneutics. Corpus linguistics, as I see it, has a unique approach to meaning. It aims to describe the meaning of a unit under consideration exclusively through usage and paraphrase. These units can be seen as objects of the discourse, and their meaning is what has been said about them within the discourse. While over the last forty years corpora were mainly used to find out what is common to different occurrences of such units, for instance a lexical item such as friendly fire, we should now turn our attention also to what make each occurrence a singular event, somehow building on paraphrases before the event and the traces this particular event leaves in subsequent texts. I am not interested in what is going on in the minds of speakers and hearers, and I am not interested in how what is said may refer to reality. Meaning as seen here is only found within the discourse, negotiated in a never-ending flow of contributions to the discourse, in which what has been said so far is continuously rearranged in and permuted in new contributions to the discourse. The discourse is therefore autopoietic and self-referential.},
	number = {3},
	journaltitle = {Linguistik Online},
	author = {Teubert, Wolfgang},
	date = {2006},
	file = {610-Artikeltext-2508-1-10-20130924.pdf:C\:\\Users\\ma1171168\\Zotero\\storage\\Q2RXXMYF\\610-Artikeltext-2508-1-10-20130924.pdf:application/pdf;Snapshot:C\:\\Users\\ma1171168\\Zotero\\storage\\7TUAJWVF\\610.html:text/html},
}

@book{lemnitzer_korpuslinguistik_2015,
	location = {Tübingen},
	edition = {3., überarbeitete und erweiterte Aufl.},
	title = {Korpuslinguistik: eine Einführung},
	isbn = {978-3-8233-6886-1},
	series = {Narr Studienbücher},
	shorttitle = {Korpuslinguistik},
	publisher = {Narr Francke Attempto},
	author = {Lemnitzer, Lothar and Zinsmeister, Heike},
	date = {2015},
	file = {Lemnitzer_Zinsmeister_2015.pdf:C\:\\Users\\ma1171168\\Zotero\\storage\\B6VT2ZS8\\Lemnitzer_Zinsmeister_2015.pdf:application/pdf;Table of Contents PDF:C\:\\Users\\ma1171168\\Zotero\\storage\\HUGU4H76\\Lemnitzer und Zinsmeister - 2015 - Korpuslinguistik eine Einführung.pdf:application/pdf},
}

@article{bubenhofer_masken_2021,
	title = {Masken und Küsschen: Korpuslinguistische Exploration des Corona-Diskurses in der Deutschschweiz},
	volume = {68},
	issn = {0418-9426, 2196-8756},
	url = {https://www.vr-elibrary.de/doi/10.14220/mdge.2021.68.2.127},
	doi = {10.14220/mdge.2021.68.2.127},
	shorttitle = {\textit{Masken} und {\textless}i{\textgreater}Küsschen},
	pages = {127--140},
	number = {2},
	journaltitle = {Mitteilungen des Deutschen Germanistenverbandes},
	shortjournal = {Mitteilungen des Deutschen Germanistenverbandes},
	author = {Bubenhofer, Noah},
	urldate = {2022-03-09},
	date = {2021},
	langid = {german},
}

@collection{wildfeuer_multimodality_2019,
	location = {Berlin, Boston},
	title = {Multimodality: Disciplinary Thoughts and the Challenge of Diversity},
	isbn = {978-3-11-060869-4},
	url = {http://www.degruyter.com/view/books/9783110608694/9783110608694/9783110608694.xml},
	shorttitle = {Multimodality},
	publisher = {De Gruyter},
	editor = {Wildfeuer, Janina and Pflaeging, Jana and Bateman, John and Seizov, Ognyan and Tseng, Chiao-I},
	urldate = {2020-04-24},
	date = {2019-11-18},
	doi = {10.1515/9783110608694},
}

@book{nassehi_muster_2019,
	location = {München},
	title = {Muster: Theorie der digitalen Gesellschaft},
	isbn = {978-3-406-74024-4},
	shorttitle = {Muster},
	publisher = {C.H. Beck},
	author = {Nassehi, Armin},
	date = {2019},
}

@article{teubert_my_2005,
	title = {My version of corpus linguistics},
	volume = {10},
	issn = {1384-6655, 1569-9811},
	url = {http://www.jbe-platform.com/content/journals/10.1075/ijcl.10.1.01teu},
	pages = {1--13},
	number = {1},
	journaltitle = {International Journal of Corpus Linguistics},
	author = {Teubert, Wolfgang},
	urldate = {2020-04-26},
	date = {2005},
	langid = {english},
	file = {Teubert - 2005 - My version of corpus linguistics.pdf:C\:\\Users\\ma1171168\\Zotero\\storage\\6RWA2NXB\\Teubert - 2005 - My version of corpus linguistics.pdf:application/pdf},
}

@inproceedings{hardt-mautner_only_1995,
	location = {Lancaster},
	title = {‘Only Connect.’ Critical Discourse Analysis and Corpus Linguistics},
	volume = {6},
	url = {https://ucrel.lancs.ac.uk/papers/techpaper/vol6.pdf},
	series = {{UCREL} Technical Papers},
	publisher = {University of Lancaster},
	author = {Hardt-Mautner, Gerlinde},
	date = {1995},
}

@book{fronczak_language_2021,
	location = {Newcastle upon Tyne},
	title = {The language of corporate blogs: a corpus-based view},
	isbn = {978-1-5275-7169-3},
	shorttitle = {The language of corporate blogs},
	pagetotal = {336},
	publisher = {Cambridge Scholars Publishing},
	author = {Fronczak, Katarzyna},
	date = {2021},
}

@collection{okeeffe_routledge_2012,
	location = {Milton Park, Abingdon, Oxon ; New York},
	title = {The Routledge handbook of corpus linguistics},
	isbn = {978-0-415-62263-9 978-0-415-46489-5 978-0-203-85694-9},
	series = {Routledge handbooks in applied linguistics},
	pagetotal = {682},
	publisher = {Routledge},
	editor = {O'Keeffe, Anne and {McCarthy}, Michael},
	date = {2012},
	keywords = {Corpora (Linguistics), Discourse analysis, Handbooks, manuals, etc},
}

@article{nartey_towards_2019,
	title = {Towards a decade of synergising corpus linguistics and critical discourse analysis: a meta-analysis},
	volume = {14},
	issn = {1749-5032, 1755-1676},
	url = {https://www.euppublishing.com/doi/10.3366/cor.2019.0169},
	doi = {10.3366/cor.2019.0169},
	shorttitle = {Towards a decade of synergising corpus linguistics and critical discourse analysis},
	abstract = {The incorporation of corpus linguistics ({CL}) methods within critical discourse analysis ({CDA}) has increasingly gathered momentum over the last decade. This paper surveys studies using this triangulated framework, drawing on a database of 121 studies collected from three citation indexes: Social Sciences Citation Index, Arts and Humanities Citation Index, and Scopus. It presents a meta-analysis of these studies focussing on four variables, namely their chronological development, the domains of engagement, the issues that have been topicalised, and the area/regional coverage of the studies. In particular, the paper accounts for the factors that have contributed to the popularity of corpus-based {CDA} in the last decade as an approach to discourse analysis, provides insights into the evolution of this eclectic approach, and anticipates the future of the framework by offering suggestions. The paper concludes that corpus-based {CDA} presents both discourse analysts and corpus linguists with a robust methodology to tackle research questions bordering on discursive reflections of social issues and to identify new sites of public discourse for systematic analysis.},
	pages = {203--235},
	number = {2},
	journaltitle = {Corpora},
	shortjournal = {Corpora},
	author = {Nartey, Mark and Mwinlaaru, Isaac N.},
	urldate = {2022-03-22},
	date = {2019-08},
	langid = {english},
}

@book{baker_using_2006,
	location = {London},
	title = {Using Corpora in Discourse Analysis},
	series = {Continuum Discourse},
	publisher = {Bloomsbury Publishing},
	author = {Baker, Paul},
	date = {2006},
}

@incollection{okeeffe_what_2012,
	location = {Milton Park, Abingdon, Oxon ; New York},
	title = {What can a corpus tell us about discourse?},
	isbn = {978-0-415-62263-9 978-0-415-46489-5 978-0-203-85694-9},
	series = {Routledge handbooks in applied linguistics},
	pages = {250--262},
	booktitle = {The Routledge handbook of corpus linguistics},
	publisher = {Routledge},
	author = {Mautner, Gerlinde},
	editor = {O'Keeffe, Anne and {McCarthy}, Michael},
	date = {2012},
	keywords = {Corpora (Linguistics), Discourse analysis, Handbooks, manuals, etc},
}

@incollection{michael_whorfs_1997,
	location = {Clevedon},
	title = {Whorf's children: critical comments on critical discourse analysis},
	pages = {110--116},
	booktitle = {Evolving Models of Language},
	publisher = {Multilingual Matters},
	author = {Michael, Stubbs},
	date = {1997},
}

@book{bubenhofer_sprachgebrauchsmuster_2009,
	location = {Berlin/New York},
	title = {Sprachgebrauchsmuster. Korpuslinguistik als Methode der Diskurs- und Kulturanalyse},
	isbn = {978-3-11-021584-7},
	series = {Sprache und Wissen},
	shorttitle = {Sprachgebrauchsmuster},
	number = {4},
	publisher = {De Gruyter},
	author = {Bubenhofer, Noah},
	date = {2009},
}

@online{graham_getting_2012,
	title = {Getting Started with Topic Modeling and {MALLET}},
	rights = {{CC}-{BY} 4.0},
	url = {https://programminghistorian.org/en/lessons/topic-modeling-and-mallet},
	titleaddon = {Programming Historian},
	author = {Graham, Shawn and Weingart, Scott and Milligan, Ian},
	urldate = {2023-02-05},
	date = {2012-09-02},
}

@book{weisser_practical_2015,
	location = {Chichester},
	title = {Practical corpus linguistics: an introduction to corpus-based language analysis},
	isbn = {978-1-118-83190-8 978-1-118-83191-5},
	shorttitle = {Practical corpus linguistics},
	abstract = {"Introduces a number of easy-to-use, yet powerful, free analysis resources consisting of standalone programs and web interfaces for use with Windows, Mac {OS} X, and Linux"--},
	pagetotal = {1},
	publisher = {Wiley-Blackwell},
	author = {Weisser, Martin},
	date = {2015},
	keywords = {Corpora (Linguistics), Methodology, Citation of electronic information resources, Computational linguisitics, Computer network resources, Databases, Evaluation, {LANGUAGE} {ARTS} \& {DISCIPLINES} / Linguistics / General, Linguistic analysis (Linguistics), Software, Technological innovations},
}

@incollection{kupietz_erfolgsgeschichte_2018,
	location = {Berlin, Boston},
	title = {Erfolgsgeschichte Korpuslinguistik?},
	isbn = {978-3-11-053864-9},
	pages = {5--26},
	booktitle = {Korpuslinguistik},
	publisher = {De Gruyter},
	author = {Mair, Christian},
	editor = {Kupietz, Marc and Schmidt, Thomas},
	urldate = {2023-02-08},
	date = {2018-07-09},
	doi = {10.1515/9783110538649-002},
}

@incollection{kupietz_korpuslinguistik_2018,
	location = {Berlin, Boston},
	title = {Korpuslinguistik für sozial- und kulturanalytische Fragestellungen},
	isbn = {978-3-11-053864-9},
	shorttitle = {Korpuslinguistik},
	pages = {61--80},
	booktitle = {Korpuslinguistik},
	publisher = {De Gruyter},
	author = {Scharloth, Joachim},
	editor = {Kupietz, Marc and Schmidt, Thomas},
	date = {2018},
}

@incollection{kupietz_historische_2018,
	location = {Berlin, Boston},
	title = {Historische Linguistik 2.0},
	isbn = {978-3-11-053864-9},
	url = {https://www.degruyter.com/document/doi/10.1515/9783110538649-006/html},
	pages = {95--124},
	booktitle = {Korpuslinguistik},
	publisher = {De Gruyter},
	author = {Dipper, Stefanie and Kwekkeboom, Sarah},
	editor = {Kupietz, Marc and Schmidt, Thomas},
	urldate = {2023-02-08},
	date = {2018-07-09},
	doi = {10.1515/9783110538649-006},
	file = {Volltext:C\:\\Users\\ma1171168\\Zotero\\storage\\LCQ7CEBT\\Dipper und Kwekkeboom - 2018 - 5. Historische Linguistik 2.0.pdf:application/pdf},
}

@article{bubenhofer_maschinelle_2015,
	title = {Maschinelle Textanalyse im Zeichen von Big Data und Data-driven Turn – Überblick und Desiderate},
	volume = {43},
	issn = {1613-0626, 0301-3294},
	url = {https://www.degruyter.com/view/j/zfgl.2015.43.issue-1/zgl-2015-0001/zgl-2015-0001.xml},
	pages = {1--26},
	number = {1},
	journaltitle = {Zeitschrift für germanistische Linguistik},
	author = {Bubenhofer, Noah and Scharloth, Joachim},
	urldate = {2020-04-17},
	date = {2015},
	file = {Akzeptierte Version:C\:\\Users\\ma1171168\\Zotero\\storage\\WJFJ2FLB\\Bubenhofer und Scharloth - 2015 - Maschinelle Textanalyse im Zeichen von Big Data un.pdf:application/pdf;zgl-2015-0001.pdf:C\:\\Users\\ma1171168\\Zotero\\storage\\MZ5UXRIU\\zgl-2015-0001.pdf:application/pdf},
}

@incollection{bender_techniken_2022,
	title = {Techniken und Praktiken der Verdatung},
	isbn = {978-3-11-072144-7},
	url = {https://www.degruyter.com/document/doi/10.1515/9783110721447-007/html},
	pages = {135--158},
	booktitle = {Diskurse – digital},
	publisher = {De Gruyter},
	author = {Bender, Michael and Bubenhofer, Noah and Dreesen, Philipp and Georgi, Christopher and Rüdiger, Jan Oliver and Vogel, Friedemann},
	editor = {Gredel, Eva},
	urldate = {2023-02-09},
	date = {2022},
	doi = {10.1515/9783110721447-007},
	file = {Volltext:C\:\\Users\\ma1171168\\Zotero\\storage\\LJSTZYXV\\Bender et al. - 2022 - Techniken und Praktiken der Verdatung.pdf:application/pdf},
}

@article{dreesen_diskurslinguistik_2019,
	title = {Diskurslinguistik in Anwendung. Ein transdisziplinäres Forschungsdesign für  korpuszentrierte Analysen zu öffentlicher Kommunikation},
	volume = {7},
	doi = {10.3262/ZFD1902123},
	shorttitle = {Diskurslinguistik in Anwendung},
	pages = {123--162},
	number = {2},
	journaltitle = {Zeitschrift für Diskursforschung},
	author = {Dreesen, Philipp and Stücheli-Herlach, Peter},
	date = {2019},
}

@incollection{bubenhofer_diskurslinguistik_2018,
	title = {Diskurslinguistik und Korpora},
	isbn = {978-3-11-029607-5},
	url = {https://www.degruyter.com/document/doi/10.1515/9783110296075-009/html},
	pages = {208--241},
	booktitle = {Handbuch Diskurs},
	publisher = {De Gruyter},
	author = {Bubenhofer, Noah},
	editor = {Warnke, Ingo H.},
	urldate = {2023-02-09},
	date = {2018},
	doi = {10.1515/9783110296075-009},
	file = {Eingereichte Version:C\:\\Users\\ma1171168\\Zotero\\storage\\7DPJPAXW\\Bubenhofer - 2018 - 9. Diskurslinguistik und Korpora.pdf:application/pdf},
}

@book{spitzmuller_diskurslinguistik_2011,
	title = {Diskurslinguistik: Eine Einführung in Theorien und Methoden der transtextuellen Sprachanalyse},
	isbn = {978-3-11-021244-0},
	url = {https://www.degruyter.com/document/doi/10.1515/9783110229967/html},
	shorttitle = {Diskurslinguistik},
	publisher = {{DE} {GRUYTER}},
	author = {Spitzmüller, Jürgen and Warnke, Ingo Hans Oskar},
	urldate = {2023-02-09},
	date = {2011-05-27},
	doi = {10.1515/9783110229967},
	file = {Eingereichte Version:C\:\\Users\\ma1171168\\Zotero\\storage\\A7TJCRVQ\\Spitzmüller und Warnke - 2011 - Diskurslinguistik Eine Einführung in Theorien und.pdf:application/pdf},
}

@article{mimno_computational_2012,
	title = {Computational historiography: Data mining in a century of classics journals},
	volume = {5},
	issn = {1556-4673, 1556-4711},
	url = {https://dl.acm.org/doi/10.1145/2160165.2160168},
	doi = {10.1145/2160165.2160168},
	shorttitle = {Computational historiography},
	abstract = {More than a century of modern Classical scholarship has created a vast archive of journal publications that is now becoming available online. Most of this work currently receives little, if any, attention. The collection is too large to be read by any single person and mostly not of sufficient interest to warrant traditional close reading. This article presents computational methods for identifying patterns and testing hypotheses about Classics as a field. Such tools can help organize large collections, introduce younger scholars to the history of the field, and act as a “survey,” identifying anomalies that can be explored using more traditional methods.},
	pages = {1--19},
	number = {1},
	journaltitle = {Journal on Computing and Cultural Heritage},
	shortjournal = {J. Comput. Cult. Herit.},
	author = {Mimno, David},
	urldate = {2023-02-09},
	date = {2012},
	langid = {english},
}

@online{bubenhofer_readme_2022,
	title = {Readme},
	url = {https://gitlab.uzh.ch/noah.bubenhofer/kodup-germanistik},
	titleaddon = {{KoDuP} Germanistik: Korpuslinguistisches Denken und Programmieren im Kontext der Germanistik},
	type = {{GitLab}},
	author = {Bubenhofer, Noah and Knuchel, Daniel},
	urldate = {2023-02-09},
	date = {2022},
}

@book{lemercier_quantitative_2019,
	location = {Charlottesville},
	title = {Quantitative methods in the humanities: an introduction},
	isbn = {978-0-8139-4268-1 978-0-8139-4269-8},
	shorttitle = {Quantitative methods},
	pagetotal = {177},
	publisher = {University of Virginia Press},
	author = {Lemercier, Claire and Zalc, Claire},
	date = {2019},
	keywords = {History, Methodology, Statistical methods},
}

@book{schonhardt-bailey_corn_2006,
	location = {Cambridge, Mass},
	title = {From the corn laws to free trade: interests, ideas, and institutions in historical perspective},
	isbn = {978-0-262-19543-0},
	shorttitle = {Corn laws},
	pagetotal = {426},
	publisher = {{MIT} Press},
	author = {Schonhardt-Bailey, Cheryl},
	date = {2006},
	note = {{OCLC}: ocm64487357},
	keywords = {Politics and government, Great Britain, History, 19th century, 1837-1901, Corn laws (Great Britain), Free trade, Parliament, Voting History},
}

@article{surdez_quand_1995,
	title = {Quand les frontières se font statistiques : la constitution d’un espace national considérée à travers le prisme des recensements},
	volume = {45},
	doi = {10.5169/SEALS-81121},
	shorttitle = {Quand les frontières se font statistiques},
	pages = {63--79},
	number = {1},
	journaltitle = {Schweizerische Zeitschrift für Geschichte},
	author = {Surdez, Muriel},
	urldate = {2023-02-10},
	date = {1995},
	note = {Medium: text/html,application/pdf,text/html
Publisher: Schwabe},
}

@article{horlacher_politische_2017,
	title = {Politische Bildung als Ausdruck kultureller Überzeugungen? : Die Kantone Zürich und Waadt im 19. Jahrhundert im Vergleich},
	volume = {24},
	url = {https://www.e-periodica.ch/digbib/view?pid=tra-001:2017:24::208},
	doi = {10.5169/SEALS-685857},
	shorttitle = {Politische Bildung als Ausdruck kultureller Überzeugungen?},
	pages = {52--62},
	number = {1},
	journaltitle = {Traverse. Zeitschrift für Geschichte},
	author = {Horlacher, Rebekka},
	urldate = {2023-02-10},
	date = {2017},
	note = {Medium: text/html,application/pdf,text/html
Publisher: Chronos},
}

@collection{schweizerische_gesellschaft_fur_bildungsforschung_sciences_2002,
	location = {Bern ; New York},
	title = {Science(s) et [i.e. de] l'éducation, 19e-20e siècles: entre champs professionnels et champs disciplinaires = Erziehungswissenschaften(en) [sic], 19.-20. Jahrhundert: zwischen Profession und Disziplin},
	isbn = {978-3-906768-11-3},
	series = {Exploration},
	shorttitle = {Science(s) et [i.e. de] l'éducation, 19e-20e siècles},
	pagetotal = {536},
	publisher = {P. Lang},
	editor = {Schweizerische Gesellschaft für Bildungsforschung and Hofstetter, Rita and Schneuwly, Bernard},
	date = {2002},
	keywords = {20th century, History, Congresses, 19th century, Philosophy, Education},
}

@article{tinembart_manuels_2019,
	title = {Manuels scolaires et création des nations modernes : une question de transferts culturels},
	volume = {26},
	url = {https://www.e-periodica.ch/digbib/view?pid=tra-001:2019:26::235},
	doi = {10.5169/SEALS-825886},
	shorttitle = {Manuels scolaires et création des nations modernes},
	pages = {71--80},
	number = {1},
	journaltitle = {Traverse. Zeitschrift für Geschichte},
	author = {Tinembart, Sylviane and Masoni, Giorgia},
	urldate = {2023-02-10},
	date = {2019},
	note = {Medium: text/html,application/pdf,text/html
Publisher: Chronos},
}

@incollection{appadurai_number_1993,
	location = {Philadelphia},
	title = {Number in the Colonial Imagination},
	isbn = {0-8122-3168-6},
	url = {Number in the Colonial Imagination},
	series = {The Rise and Fall of Modern Empires},
	pages = {314--339},
	number = {2},
	booktitle = {Orientalism and the Postcolonial Predicament: Perspectives on South Asia},
	publisher = {University of Pennsylvania Press},
	author = {Appadurai, Arjun},
	editor = {Breckenridge,, Carol A. and van der Veer, Peter},
	date = {1993},
}

@article{sen_1872_2018,
	title = {The 1872 Census. ‘Indigenous Agency’ and the Science of Statistics in Bengal},
	volume = {53},
	issn = {0012-9976},
	url = {https://www.epw.in/journal/2018/26-27/special-articles/1872-census.html},
	number = {26},
	journaltitle = {Economic \& Political Weekly},
	author = {Sen, Dwaipayan},
	date = {2018},
}

@incollection{cohn_census_1991,
	location = {Delhi},
	title = {The Census, Social Structure and Objectification in South Asia},
	shorttitle = {The Census},
	pages = {224--254},
	booktitle = {An Anthropologist among the Historians and Other Essays},
	publisher = {Oxford University Press},
	author = {Cohn, Bernard},
	date = {1991},
}

@book{ruloff_lehrerinnen_2017,
	location = {Bern},
	edition = {2., überarbeitete und erweiterte Auflage},
	title = {Lehrerinnen und Lehrer in der Schweizer Presse (1800 bis 1830)},
	isbn = {978-3-906969-82-4},
	series = {Schriftenreihe Bibliothek am Guisanplatz},
	shorttitle = {Lehrerinnen und Lehrer},
	pagetotal = {239},
	number = {55},
	publisher = {Bibliothek am Guisanplatz},
	author = {Ruloff, Michael Christian},
	date = {2017},
	file = {Table of Contents PDF:C\:\\Users\\ma1171168\\Zotero\\storage\\4HQFIMPK\\Ruloff - Lehrerinnen und Lehrer in der Schweizer Presse (18.pdf:application/pdf},
}

@book{bloch_pfister_priester_2007,
	location = {Zürich},
	title = {Priester der Volksbildung: der Professionalisierungsprozess der Zürcher Volksschullehrkräfte zwischen 1770 und 1914},
	isbn = {978-3-0340-0799-3},
	shorttitle = {Priester der Volksbildung},
	publisher = {Chronos},
	author = {Bloch Pfister, Alexandra},
	date = {2007},
}

@collection{badertscher_geschichte_1997,
	location = {Bern},
	title = {Geschichte der Erziehung und Schule in der Schweiz im 19. und 20. Jahrhundert. Leitlinien},
	isbn = {978-3-258-05569-5},
	pagetotal = {513},
	publisher = {Haupt},
	editor = {Badertscher, Hans and Grunder, Hans-Ulrich},
	date = {1997},
}

@incollection{gavin_spaces_2019,
	location = {Minneapolis, {MN}},
	title = {Spaces of Meaning: Conceptual History, Vector Semantics, and Close Reading},
	url = {https://doi.org/10.5749/9781452963785},
	series = {Debates in the Digital Humanities},
	shorttitle = {Debates in the Digital Humanities},
	number = {5},
	booktitle = {Debates in the Digital Humanities 2019},
	publisher = {University of Minnesota Press},
	author = {Gavin, Michael and Jennings, Collin and Kersey, Lauren and Pasanek, Brad},
	editor = {Gold, Matthew K. and Klein, Lauren F.},
	date = {2019},
}

@book{baayen_analyzing_2008,
	location = {Camrbidge},
	title = {Analyzing Linguistic Data: A Practical Introduction to Statistics using R},
	isbn = {978-0-521-88259-0 978-0-521-70918-7 978-0-511-80168-6},
	url = {https://www.cambridge.org/core/product/identifier/9780511801686/type/book},
	shorttitle = {Analyzing Linguistic Data},
	abstract = {Statistical analysis is a useful skill for linguists and psycholinguists, allowing them to understand the quantitative structure of their data. This textbook provides a straightforward introduction to the statistical analysis of language. Designed for linguists with a non-mathematical background, it clearly introduces the basic principles and methods of statistical analysis, using 'R', the leading computational statistics programme. The reader is guided step-by-step through a range of real data sets, allowing them to analyse acoustic data, construct grammatical trees for a variety of languages, quantify register variation in corpus linguistics, and measure experimental data using state-of-the-art models. The visualization of data plays a key role, both in the initial stages of data exploration and later on when the reader is encouraged to criticize various models. Containing over 40 exercises with model answers, this book will be welcomed by all linguists wishing to learn more about working with and presenting quantitative data.},
	publisher = {Cambridge University Press},
	author = {Baayen, R. H.},
	urldate = {2023-02-11},
	date = {2008},
	doi = {10.1017/CBO9780511801686},
}

@article{dahn_learning_2015,
	title = {Learning to See the Nation-State. History, Geography and Public Schooling in Late 19th-Century Switzerland},
	volume = {5},
	pages = {41--56},
	number = {1},
	journaltitle = {Bildungsgeschichte / International Journal for the Historiography of Education},
	author = {Dahn, Nathalie and Boser, Lukas},
	date = {2015},
}

@book{foucault_uberwachen_1977,
	location = {Frankfurt am Main},
	title = {Überwachen und Strafen. Die Geburt des Gefängnisses},
	series = {Suhrkamp-Taschenbuch Wissenschaft},
	number = {184},
	publisher = {Suhrkamp},
	author = {Foucault, Michel},
	date = {1977},
}

@mvbook{foucault_geschichte_2004,
	location = {Frankfurt am Main},
	title = {Geschichte der Gouvernementalität},
	volume = {1: Sicherheit, Territorium, Bevölkerung: Vorlesung am Collège de France 1977–1978},
	isbn = {978-3-518-58392-0},
	series = {Suhrkamp-Taschenbuch Wissenschaft},
	shorttitle = {Sicherheit, Territorium, Bevölkerung},
	volumes = {2},
	number = {1808},
	publisher = {Suhrkamp},
	author = {Foucault, Michel},
	date = {2004},
}

@article{friedrich_stefano_1996,
	title = {Stefano Franscini. Wegbereiter der Statistik in der Schweiz},
	volume = {103},
	shorttitle = {Stefano Franscini},
	pages = {11--13},
	journaltitle = {Statistisches Jahrbuch der Schweiz},
	author = {Friedrich, Roger},
	date = {1996},
}

@book{gfeller_stefano_1898,
	location = {Bern},
	title = {Stefano Franscini, ein Förderer der schweizerischen Statistik},
	url = {https://www.e-rara.ch/bes_1/content/zoom/27486457},
	shorttitle = {Stefano Franscini},
	publisher = {Selbstverlag},
	author = {Gfeller, Emil},
	date = {1898},
}

@inreference{marcacci_franscini_2022,
	title = {Franscini, Stefano},
	url = {https://hls-dhs-dss.ch/de/articles/003508/2022-04-21/},
	booktitle = {Historisches Lexikon der Schweiz},
	author = {Marcacci, Marco},
	urldate = {2023-02-12},
	date = {2022},
}

@book{jost_von_2016,
	location = {Zürich},
	title = {Von Zahlen, Politik und Macht: Geschichte der schweizerischen Statistik},
	isbn = {978-3-0340-1330-7},
	shorttitle = {Von Zahlen, Politik und Macht},
	publisher = {Chronos},
	author = {Jost, Hans Ulrich and Malaguerra, C.},
	date = {2016},
	keywords = {Switzerland, Administrative agencies, Statistical services History},
}

@article{ruoss_historical_2013,
	title = {Historical Change in the Production and Legitimisation of Education Statistics in Switzerland},
	volume = {12},
	issn = {1474-9041, 1474-9041},
	url = {http://journals.sagepub.com/doi/10.2304/eerj.2013.12.1.95},
	doi = {10.2304/eerj.2013.12.1.95},
	abstract = {Internationalisation as a factor in the impetus for and establishment of education statistics is analysed, taking the example of Switzerland in a long-term perspective. The case of Switzerland shows that historically, international comparisons depended on the nationalisation of statistics' responsibility. This nationalisation of education statistics' authority was itself closely connected with the demand for the domestic availability of statistics from the sub-central regions. This demand was in turn coupled with the structural challenges in the education system caused by its expansion and the heterogeneous degrees of institutionalisation of education statistics.},
	pages = {95--107},
	number = {1},
	journaltitle = {European Educational Research Journal},
	shortjournal = {European Educational Research Journal},
	author = {Ruoss, Thomas},
	urldate = {2023-02-12},
	date = {2013},
	langid = {english},
}

@book{foucault_archaologie_1981,
	location = {Frankfurt am Main},
	title = {Archäologie des Wissens},
	isbn = {978-3-518-27956-4},
	series = {Suhrkamp-Taschenbuch Wissenschaft},
	number = {356},
	publisher = {Suhrkamp},
	author = {Foucault, Michel},
	date = {1981},
}

@incollection{linke_spas_2003,
	location = {Bern},
	title = {Spaß haben. Ein Zeitgefühl},
	pages = {63--79},
	booktitle = {„Standardfragen“. Soziolinguistische Perspektiven auf Sprachgeschichte, Sprachkontakt und Sprachvariation},
	publisher = {Peter Lang},
	author = {Linke, Angelika},
	editor = {Androutsopoulos, Jannis K. and Ziegler, Evelyn},
	date = {2003},
}

@article{schwandt_digitale_2018,
	title = {Digitale Methoden für die Historische Semantik: Auf den Spuren von Begriffen in digitalen Korpora},
	volume = {44},
	issn = {0340-613X, 2196-9000},
	doi = {10.13109/gege.2018.44.1.107},
	shorttitle = {Digitale Methoden für die Historische Semantik},
	pages = {107--134},
	number = {1},
	journaltitle = {Geschichte und Gesellschaft},
	shortjournal = {Geschichte und Gesellschaft},
	author = {Schwandt, Silke},
	date = {2018},
	langid = {german},
}

@book{porter_rise_1986,
	location = {Princeton},
	title = {The Rise of Statistical Thinking, 1820–1900},
	isbn = {978-0-691-08416-9},
	shorttitle = {The rise},
	publisher = {Princeton University Press},
	author = {Porter, Theodore M.},
	date = {1986},
	keywords = {History, Mathematical statistics},
}

@book{tognini-bonelli_corpus_2001,
	location = {Amsterdam},
	title = {Corpus linguistics at work},
	isbn = {978-90-272-2276-3},
	series = {Studies in corpus linguistics},
	number = {6},
	publisher = {Benjamins},
	author = {Tognini-Bonelli, Elena},
	date = {2001},
	file = {Tognini-Bonelli - 2001 - Corpus linguistics at work.pdf:C\:\\Users\\ma1171168\\Zotero\\storage\\EVGLRYTQ\\Tognini-Bonelli - 2001 - Corpus linguistics at work.pdf:application/pdf},
}

@book{hacking_taming_1990,
	location = {Cambridge},
	title = {The Taming of Chance},
	isbn = {978-0-521-38014-0},
	series = {Ideas in Context},
	publisher = {Cambridge University Press},
	author = {Hacking, Ian},
	date = {1990},
	keywords = {Chance, Necessity (Philosophy)},
}

@article{pfister_uss_1995,
	title = {«Uss gwüssen Ursachen»: Hintergründe und Methoden statistischer Erhebungen im Kanton Bern 1528–1928},
	volume = {45},
	doi = {10.5169/SEALS-81119},
	shorttitle = {Uss gwüssen Ursachen},
	pages = {29--50},
	number = {1},
	journaltitle = {Schweizerische Zeitschrift für Geschichte},
	author = {Pfister, Christian},
	date = {1995},
}

@article{czaka_necropolis_2013,
	title = {‘A Necropolis of Numbers’: Data Production in Switzerland's Decentralised Education System},
	volume = {12},
	issn = {1474-9041, 1474-9041},
	url = {http://journals.sagepub.com/doi/10.2304/eerj.2013.12.1.81},
	doi = {10.2304/eerj.2013.12.1.81},
	shorttitle = {‘A Necropolis of Numbers’},
	abstract = {Since 1876 the educational landscape in Switzerland has been made up of more than 20 distinct education systems that are largely managed by the cantons themselves, with minimum interference from the federal state. However, approximately a century ago, Switzerland embarked on a policy of harmonisation, which draws on various data sources that are progressively shaped to serve this aim. Why are data important and what exactly are these data? Who needs, who collects and who shapes them? To what end? This article looks at the processes of collecting, comparing and shaping data through the journal published for close to 100 years by the Swiss Conference of Cantonal Ministers of Public Education. This journal was the first to produce yearly statistics on Swiss education at the end of the nineteenth century. The authors compile and compare the two versions of the journal — one in German, the other in French — and focus on two periods which seem particularly relevant for the history of statistics — namely, from the end of the nineteenth century to the First World War, and the 1960s-1970s.},
	pages = {81--94},
	number = {1},
	journaltitle = {European Educational Research Journal},
	shortjournal = {European Educational Research Journal},
	author = {Czáka, Véronique and Freymond, Mathilde and Borer, Valérie Lussi},
	urldate = {2023-02-14},
	date = {2013-03},
	langid = {english},
	file = {Volltext:C\:\\Users\\ma1171168\\Zotero\\storage\\2EBAZ6J9\\Czáka et al. - 2013 - ‘A Necropolis of Numbers’ Data Production in Swit.pdf:application/pdf},
}

@article{desrosieres_histoire_2000,
	title = {L'histoire de la statistique comme genre: style d'écriture et usages sociaux},
	volume = {39},
	url = {https://www.persee.fr/doc/genes_1155-3219_2000_num_39_1_1626},
	pages = {121--137},
	journaltitle = {Genèses},
	author = {Desrosières, Alain},
	date = {2000},
}

@book{jost_von_1995,
	location = {Bern},
	title = {Von Zahlen und Macht: Statistiker, Statistik und politische Autoritäten in der Schweiz 18. bis 20. Jahrhundert},
	url = {http://permalink.snl.ch/bib/sz001097492},
	series = {Forum Statisticum},
	number = {35},
	author = {Jost, Hans Ulrich},
	date = {1995},
}

@book{desrosieres_politique_2000,
	location = {Paris},
	edition = {2e éd.},
	title = {La politique des grands nombres. Histoire de la raison statistique},
	isbn = {978-2-7071-3353-3},
	publisher = {La Découverte},
	editora = {Desrosières, Alain},
	editoratype = {collaborator},
	date = {2000},
	note = {{OCLC}: 1284575739},
}

@book{trohler_volksschule_2014,
	location = {Bad Heilbrunn},
	title = {Volksschule um 1800. Studien im Umfeld der Helvetischen Stapfer-Enquête 1799},
	isbn = {978-3-7815-1979-4},
	shorttitle = {Volksschule um 1800},
	publisher = {J. Klinkhardt},
	author = {Tröhler, Daniel},
	date = {2014},
}

@book{trohler_schule_2016,
	location = {Bad Heilbrunn},
	title = {Schule, Lehrerschaft und Bildungspolitik um 1800. Neue Studien im Umfeld der Helvetischen Stapfer-Enquête von 1799},
	isbn = {978-3-7815-2110-0},
	shorttitle = {Schule, Lehrerschaft und Bildungspolitik um 1800},
	publisher = {J. Klinkhardt},
	author = {Tröhler, Daniel},
	date = {2016},
}

@incollection{schmidt_schweizer_2007,
	location = {Bern},
	title = {Schweizer Elementarschulen im 18. und 19. Jahrhundert zwischen Konfession und Lebenswelt},
	isbn = {978-3-258-07300-2},
	series = {prisma},
	pages = {31--52},
	number = {6},
	booktitle = {Pädagogik und Politik. Historische und aktuelle Perspektiven.},
	publisher = {Haupt},
	author = {Schmidt, Heinrich Richard},
	editor = {Crotti, Claudia and Gonon, Philipp and Herzog, Walter},
	date = {2007},
}

@incollection{trohler_zurcher_2007,
	location = {Bern},
	title = {Die Zürcher Schulsynode. Ein demokratisches Kuckucksei in der liberalen Ära Zürichs im 19. Jahrhundert},
	isbn = {978-3-258-07300-2},
	series = {Prisma},
	pages = {69--88},
	number = {6},
	booktitle = {Pädagogik und Politik. Historische und aktuelle Perspektiven.},
	publisher = {Haupt},
	author = {Tröhler, Daniel},
	editor = {Crotti, Claudia and Gonon, Philipp and Herzog, Walter},
	date = {2007},
}

@book{anderson_imagined_1991,
	location = {London, New York},
	edition = {Überarb. und erw. Aufl.},
	title = {Imagined communities: reflections on the origin and spread of nationalism},
	isbn = {978-0-86091-329-0},
	shorttitle = {Imagined communities},
	publisher = {Verso},
	author = {Anderson, Benedict},
	date = {1991},
	keywords = {History, Nationalism},
}

@book{gugerli_topografien_2002,
	location = {Zürich},
	title = {Topografien der Nation: Politik, kartografische Ordnung und Landschaft im 19. Jahrhundert},
	isbn = {978-3-0340-0548-7},
	shorttitle = {Topografien der Nation},
	pagetotal = {264},
	publisher = {Chronos},
	author = {Gugerli, David and Speich, Daniel},
	date = {2002},
	note = {{OCLC}: ocm50968188},
	keywords = {History, Switzerland, 19th century, Cartography},
}

@incollection{weichlein_quest-ce_1999,
	location = {München},
	title = {«Qu’est-ce qu’ne nation?» Stationen der deutschen statistischen Debatte um Nation und Nationalität in der Reichsgründungszeit},
	isbn = {3-406-45336-8},
	shorttitle = {Qu'est-ce qu'une Nation?},
	pages = {71--90},
	booktitle = {Demokratie in Deutschland. Chancen und Gefährdungen im 19. und 20. Jahrhundert. Historische Essays},
	publisher = {Beck},
	author = {Weichlein, Siegfried},
	editor = {von Kieseritzky, Wolther and Sick, Klaus-Peter},
	date = {1999},
}

@article{woolf_statistics_1989,
	title = {Statistics and the Modern State},
	volume = {31},
	pages = {588--604},
	number = {3},
	journaltitle = {Comparative Studies in Science and History},
	author = {Woolf, Stuart},
	date = {1989},
}

@book{patriarca_numbers_1996,
	title = {Numbers and Nationhood: Writing Statistics in Nineteenth-Century Italy},
	isbn = {978-0-521-52260-1 978-0-521-46296-9 978-0-511-52345-8},
	shorttitle = {Numbers and Nationhood},
	abstract = {Numbers and Nationhood, first published in 1996, explores the Italian inflection of a Europe-wide phenomenon in the nineteenth century: the rise of statistics as a mode of representation in society. Silvana Patriarca examines the ideologies which informed the copious statistical literature produced between the 1820s, when statistical publications began to proliferate in the Italian states, and the 1870s, when a unified Italy entered a fully positivistic era. Her innovative study illuminates the relationship between the needs of an emerging nation and the uses to which statistics were put, generating a long-lasting image of Italy which nevertheless accentuated its internal territorial divisions. By examining the power of numerical representations, Numbers and Nationhood provides a fresh reading of the historiography of Risorgimento Italy and of positivism, bringing to the fore issues of science, ideology, and representation.},
	publisher = {Cambridge University Press},
	author = {Patriarca, Silvana},
	urldate = {2023-02-18},
	date = {1996-10-03},
}

@incollection{hacking_making_1986,
	location = {Stanford},
	title = {Making up People},
	pages = {222--236},
	booktitle = {Reconstructing Individualism: Autonomy, Individuality and the Self in Western Thought},
	publisher = {Stanford University Press},
	author = {Hacking, Ian},
	editor = {Heller, Thomas and Sosna, Morton and Wellbery, David},
	date = {1986},
}

@article{labbe_institutionalizing_2007,
	title = {Institutionalizing the Statistics of Nationality in Prussia in the 19th Century (from local bureaucracy to state-level census of population)},
	volume = {49},
	issn = {00088994},
	url = {https://onlinelibrary.wiley.com/doi/10.1111/j.1600-0498.2007.00078.x},
	doi = {10.1111/j.1600-0498.2007.00078.x},
	pages = {289--306},
	number = {4},
	journaltitle = {Centaurus},
	author = {Labbé, Morgane},
	urldate = {2023-02-18},
	date = {2007-11},
	langid = {english},
}

@incollection{koselleck_begriffsgeschichte_1972,
	location = {Wiesbaden},
	title = {Begriffsgeschichte und Sozialgeschichte},
	isbn = {978-3-531-11186-5},
	pages = {116--131},
	booktitle = {Soziologie und Sozialgeschichte},
	publisher = {{VS} Verlag für Sozialwissenschaften},
	author = {Koselleck, Reinhart},
	editor = {Ludz, Peter Christian},
	date = {1972},
}

@incollection{kruger_paupers_1987,
	location = {Cambridge, Mass.},
	title = {Paupers and Numbers: the Statistical Argument for Social Reform in Britain during the Period of Industrialization},
	volume = {1: Ideas in History},
	isbn = {978-0-262-11118-8},
	volumes = {2},
	pages = {337--350},
	booktitle = {The Probabilistic revolution},
	publisher = {{MIT} Press},
	author = {Metz, Karl H.},
	editor = {Krüger, Lorenz and Daston, Lorraine J. and Heidelberger, Michael},
	date = {1987},
	keywords = {History, Social sciences, Probabilities, Science},
}

@incollection{nikolow_nation_2002,
	location = {Frankfurt/New York},
	title = {Die Nation als statistisches Kollektiv. Bevölkerungskonstruktionen im Kaiserreich und in der Weimarer Republik},
	isbn = {978-3-593-37155-9},
	shorttitle = {Nation},
	pages = {235--261},
	booktitle = {Wissenschaft und Nation in der europäischen Geschichte},
	publisher = {Campus},
	author = {Nikolow, Sybila},
	editor = {Jessen, Ralph and Vogel, Jakob},
	date = {2002},
	keywords = {History, Europe, Science and state},
}

@book{cullen_statistical_1975,
	location = {New York},
	title = {The Statistical Movement in Early Victorian Britain. The foundations of empirical social research},
	isbn = {0-901759-17-1},
	shorttitle = {The Statistical Movement},
	publisher = {Harvester},
	author = {Cullen, Michael John},
	date = {1975},
}

@book{butikofer_staat_2006,
	location = {Bern},
	title = {Staat und Wissen: Ursprünge des modernen schweizerischen Bildungssystems im Diskurs der Helvetischen Republik},
	isbn = {978-3-258-06941-8},
	series = {Prisma},
	shorttitle = {Staat und Wissen},
	number = {1},
	publisher = {Haupt},
	author = {Bütikofer, Anna},
	date = {2006},
	keywords = {History, Switzerland, Education and state, Helvetic Republic, 1798-1803},
}

@collection{altermatt_konstruktion_1998,
	location = {Zürich},
	title = {Die Konstruktion einer Nation: Nation und Nationalisierung in der Schweiz, 18.–20. Jahrhundert},
	isbn = {978-3-905312-69-0},
	series = {Die Schweiz 1798–1998},
	shorttitle = {Die Konstruktion einer Nation},
	pagetotal = {295},
	number = {4},
	publisher = {Chronos},
	editor = {Altermatt, Urs and Bosshart-Pfluger, Catherine and Tanner, Albert},
	date = {1998},
	note = {{OCLC}: ocm41891541},
	keywords = {History, Nationalism, Switzerland},
}

@book{scott_seeing_1998,
	location = {New Haven, {CT} London},
	title = {Seeing like a state: how certain schemes to improve the human condition have failed},
	isbn = {978-0-300-07815-2 978-0-300-24675-9},
	series = {Yale Agrarian Studies},
	shorttitle = {Seeing like a state},
	pagetotal = {445},
	publisher = {Yale University Press},
	author = {Scott, James C.},
	date = {1998},
	file = {Table of Contents PDF:C\:\\Users\\ma1171168\\Zotero\\storage\\ZH559N5T\\Scott - 2020 - Seeing like a state how certain schemes to improv.pdf:application/pdf},
}

@article{meg_leta_lessons_2015,
	title = {Lessons from the Avalanche of Numbers: Big Data in Historical Context},
	volume = {11},
	pages = {201--277},
	number = {2},
	journaltitle = {/S: A Journal of Law and Policy for the Information Society},
	author = {Meg Leta, Ambrose},
	date = {2015},
}

@article{vanderstraeten_soziale_2006,
	title = {Soziale Beobachtungsraster: Eine wissenssoziologische Analyse statistischer Klassifikationsschemata},
	volume = {35},
	issn = {2366-0325, 0340-1804},
	doi = {10.1515/zfsoz-2006-0302},
	shorttitle = {Soziale Beobachtungsraster},
	abstract = {Zusammenfassung
            Seit dem Ende des 18. Jahrhunderts wurde im Bereich der Statistik (Staatswissenschaft) eine Lawine von ‚gedruckten Zahlen‘ produziert. Ein prominentes Beispiel dafür bildet die Bevölkerungsstatistik. In der historischsoziologischen Literatur werden den Daten, die in den vorhergehenden Jahrhunderten gesammelt und verarbeitet sind, viel Aufmerksamkeit gewidmet. In diesem Aufsatz wird aber vor allem fokussiert auf die Evolution der statistischen Methodologie und Klassifikationsschemata; dabei wird exemplarisch näher eingegangen auf die Berufsstatistik in Großbritannien und Belgien. Drei Merkmale werden hervorgehoben und analysiert: das Zählen von Individuen anstelle von Haushalten, die Exklusion von unbezahlter Hausarbeit, die Eliminierung von sozialem Status als Kriterium bei der Registrierung von individuellen Berufstätigkeiten. Diese Analyse der Konstruktion von statistischen Daten ist zugleich ein Beitrag zur Analyse der modernen Gesellschaft.
          , 
            Summary
            Since the end of the eighteenth century, an avalanche of “printed numbers” has been produced in the field of statistics. Prominent examples are population statistics. In historical and sociological research, most attention has hitherto been paid to printed numbers. In this paper, however, attention is focused on the evolution of the methodology and classification schemes of these statistics in Great Britain and Belgium - especially with regard to occupational statistics. Three characteristics are highlighted: the practice of counting individuals instead of households, the exclusion of unpaid labor in the household, and the abandonment of social status as the criterion for distinguishing between occupational identities. This paper sheds light on the evolution of society via an analysis of the evolution of these kinds of statistical constructions.},
	pages = {193--211},
	number = {3},
	journaltitle = {Zeitschrift für Soziologie},
	author = {Vanderstraeten, Raf},
	date = {2006},
	file = {Volltext:C\:\\Users\\ma1171168\\Zotero\\storage\\H42FKIAW\\Vanderstraeten - 2006 - Soziale Beobachtungsraster Eine wissenssoziologis.pdf:application/pdf},
}

@article{hacking_biopower_1982,
	title = {Biopower and the Avalanche of Printed Numbers},
	volume = {5},
	shorttitle = {Biopower},
	pages = {279--295},
	journaltitle = {Humanities in Society},
	author = {Hacking, Ian},
	date = {1982},
}

@incollection{scott_statistical_1988,
	title = {A Statistical Representation of Work. La Statistique de l’industrie à Paris, 1847–1848},
	isbn = {978-0-231-88288-0},
	url = {https://www.degruyter.com/document/doi/10.7312/scot91266-008/html},
	pages = {113--138},
	booktitle = {Gender and the Politics of History},
	publisher = {Columbia University Press},
	author = {Scott, Joan Wallach},
	urldate = {2023-02-23},
	date = {1988-12-31},
	doi = {10.7312/scot91266-008},
}

@incollection{crotti_republik_2007,
	location = {Bern},
	title = {«In einer Republik darf kein Pöbel sein, weder in Seiden noch Zwillich.» Staatsreform und Bildungsreform in der Schweiz im 19. Jahrhundert},
	isbn = {978-3-258-07300-2},
	series = {prisma},
	pages = {69--88},
	number = {6},
	booktitle = {Pädagogik und Politik. Historische und aktuelle Perspektiven.},
	publisher = {Haupt},
	author = {Crotti, Claudia},
	editor = {Crotti, Claudia and Gonon, Philipp and Herzog, Walter},
	date = {2007},
}

@incollection{bubenhofer_kollokationen_2017,
	title = {Kollokationen, n-Gramme, Mehrworteinheiten},
	isbn = {978-3-11-029631-0},
	shorttitle = {Kollokationen},
	pages = {69--93},
	booktitle = {Handbuch Sprache in Politik und Gesellschaft},
	publisher = {De Gruyter},
	author = {Bubenhofer, Noah},
	editor = {Roth, Kersten Sven and Wengeler, Martin and Ziem, Alexander},
	date = {2017},
	file = {Akzeptierte Version:C\:\\Users\\ma1171168\\Zotero\\storage\\G2E8HN68\\Bubenhofer - 2017 - 4. Kollokationen, n-Gramme, Mehrworteinheiten.pdf:application/pdf},
}

@article{dreesen_ruth_2016,
	title = {Ruth Maria Mell. 2015. Vernunft, Mündigkeit, Agitation. Eine diskurslinguistische Untersuchung zur Generierung und Strukturierung von Wissen über das Konzept ‚{AUFKLÄRUNG} 1968‘},
	volume = {8},
	issn = {1867-1705},
	url = {https://www.degruyter.com/document/doi/10.1515/zrs-2016-0008/html},
	doi = {10.1515/zrs-2016-0008},
	abstract = {Der Artikel Ruth Maria Mell. 2015. Vernunft, Mündigkeit, Agitation. Eine diskurslinguistische Untersuchung zur Generierung und Strukturierung von Wissen über das Konzept ‚{AUFKLÄRUNG} 1968‘ wurde am 1. Dezember 2016 in der Zeitschrift Zeitschrift für Rezensionen zur germanistischen Sprachwissenschaft (Band 8, Heft 1-2) veröffentlicht.},
	pages = {43--47},
	number = {1},
	journaltitle = {Zeitschrift für Rezensionen zur germanistischen Sprachwissenschaft},
	author = {Dreesen, Philipp},
	urldate = {2023-02-25},
	date = {2016-12-01},
	langid = {german},
	note = {Publisher: De Gruyter},
	file = {Full Text PDF:C\:\\Users\\ma1171168\\Zotero\\storage\\AN9TT7L3\\Dreesen - 2016 - Ruth Maria Mell. 2015. Vernunft, Mündigkeit, Agita.pdf:application/pdf},
}

@article{busse_historische_2000,
	title = {Historische Diskurssemantik. Ein linguistischer Beitrag zur Analyse gesellschaftlichen Wissens},
	volume = {31},
	pages = {39--53},
	number = {86},
	journaltitle = {Sprache und Literatur in Wissenschaft und Unterricht},
	author = {Busse, Dietrich and Stukenbrock, Anja and Scharloth, Joachim},
	date = {2000},
}

@collection{criblez_schule_1999,
	location = {Bern},
	title = {Eine Schule für die Demokratie: zur Entwicklung der Volksschule in der Schweiz im 19. Jahrhundert},
	isbn = {978-3-906763-77-4},
	publisher = {Peter Lang},
	editor = {Criblez, Lucien and Jenzer, Carlo and Hofstetter, Rita and Magnin, Charles},
	date = {1999},
}

@article{borer_governing_2013,
	title = {Governing Education Systems by Shaping Data: From the Past to the Present, from National to International Perspectives},
	volume = {12},
	issn = {1474-9041, 1474-9041},
	url = {http://journals.sagepub.com/doi/10.2304/eerj.2013.12.1.48},
	doi = {10.2304/eerj.2013.12.1.48},
	shorttitle = {Governing Education Systems by Shaping Data},
	abstract = {Nowadays, the use of indicators (benchmarks) to govern education systems and policies at national and international level is widespread. The practice of using data to administrate and govern education systems appeared at the end of the nineteenth century and developed throughout the twentieth century. Through national and international case studies, this issue studies the process and the conditions which allowed the emergence and the expansion of this phenomenon. Deciding how to collect useful data, how to organise data series according to models which allow comparison (or even ranking), and how to transform them into governing tools is essential for conducting data/benchmarks-based policies. This process leads to a new ‘vision’ (social construction of reality) of people, education systems and backgrounds, through new standardised objects like the ‘average child’ or an ‘achievement standard’. These processes are at the core of policies conducted by organisations at national, European or international level (European Commission, Organisation for Economic Cooperation and Development [{OECD}], {UNESCO}). This issue aims to better understand these processes through historical and sociological analysis from national or inter/transnational points of view.},
	pages = {48--52},
	number = {1},
	journaltitle = {European Educational Research Journal},
	shortjournal = {European Educational Research Journal},
	author = {Borer, Valérie Lussi and Lawn, Martin},
	urldate = {2023-02-27},
	date = {2013-03},
	langid = {english},
	file = {Volltext:C\:\\Users\\ma1171168\\Zotero\\storage\\TK8JCZXM\\Borer und Lawn - 2013 - Governing Education Systems by Shaping Data From .pdf:application/pdf},
}

@article{busset_mise_1995,
	title = {La mise en place du Bureau fédéral de statistique},
	volume = {45},
	url = {https://www.e-periodica.ch/digbib/view?pid=szg-006:1995:45::27},
	doi = {10.5169/SEALS-81118},
	shorttitle = {La mise en place},
	pages = {7--28},
	number = {1},
	journaltitle = {Schweizerische Zeitschrift für Geschichte},
	author = {Busset, Thomas},
	urldate = {2023-02-27},
	date = {1995},
	note = {Medium: text/html,application/pdf,text/html
Publisher: Schwabe},
}

@incollection{espeland_narrating_2015,
	edition = {1},
	title = {Narrating numbers},
	isbn = {978-1-107-08622-7},
	pages = {56--75},
	booktitle = {The World of Indicators},
	publisher = {Cambridge University Press},
	author = {Espeland, Wendy},
	editor = {Rottenburg, Richard and Merry, Sally E. and Park, Sung-Joon and Mugler, Johanna},
	date = {2015},
}

@article{flury_von_2017,
	title = {Von Zahlen erzählen: Prozesse der Wissenstransformation am Beispiel der Studierendenstatistik in den Jahresberichten der Universität Zürich 1833–1933},
	url = {https://www.zora.uzh.ch/id/eprint/143247},
	doi = {10.5167/UZH-143247},
	series = {Schriftenreihe Historische Bildungsforschung und Bildungspolitikanalyse},
	shorttitle = {Von Zahlen erzählen},
	author = {Flury, Carmen},
	urldate = {2023-02-27},
	date = {2017-12-13},
	note = {Publisher: Institut für Erziehungswissenschaft},
}

@incollection{heintz_zahlen_2007,
	location = {Wiesbaden},
	title = {Zahlen, Wissen, Objektivität: Wissenschaftssoziologische Perspektiven},
	isbn = {978-3-531-15167-0},
	series = {Organisation und Gesellschaft},
	shorttitle = {Zahlen, Wissen, Objektivität},
	pages = {65--85},
	booktitle = {Zahlenwerk. Kalkulation, Organisation und Gesellschaft},
	publisher = {{VS} Verlag für Sozialwissenschaften},
	author = {Heintz, Bettina},
	editor = {Mennicken, Andrea and Vollmer, Hendrik},
	date = {2007},
}

@article{kummer_geschichte_1885,
	title = {Geschichte der Statistik in der Schweiz},
	volume = {21},
	pages = {1--32},
	journaltitle = {Zeitschrift für schweizerische Statistik},
	author = {Kummer, Johann Jakob},
	date = {1885},
}

@article{raphael_verwissenschaftlichung_1996,
	title = {Die Verwissenschaftlichung des Sozialen als methodische und konzeptionelle Herausforderung für eine Sozialgeschichte des 20. Jahrhunderts},
	volume = {22},
	shorttitle = {Verwissenschaftlichung des Sozialen},
	pages = {165--193},
	number = {2},
	journaltitle = {Geschichte und Gesellschaft},
	author = {Raphael, Lutz},
	date = {1996},
}

@incollection{starr_sociology_1987,
	location = {New York},
	title = {The Sociology of Official Statistics},
	isbn = {978-0-87154-015-7},
	series = {The Russell Sage Foundation Census Series},
	pages = {7--58},
	booktitle = {The Politics of Numbers},
	publisher = {Russel Sage Foundation},
	author = {Starr, Paul},
	editor = {Allonso, William and Starr, Paul},
	date = {1987},
}

@book{ruoss_zahlen_2018,
	location = {Zürich},
	title = {Zahlen, Zählen und Erzählen in der Bildungspolitik: lokale Statistik, politische Praxis und die Entwicklung städtischer Schulen zwischen 1890 und 1930},
	isbn = {978-3-0340-1450-2},
	series = {Historische Bildungsforschung},
	shorttitle = {Zahlen, Zählen und Erzählen in der Bildungspolitik},
	number = {4},
	publisher = {Chronos},
	author = {Ruoss, Thomas},
	date = {2018},
	keywords = {20th century, History, Switzerland, 19th century, Political aspects, Education, Public schools, Statistics History},
}

@book{zimmermann_arbeitslosigkeit_2006,
	location = {Frankfurt am Main},
	title = {Arbeitslosigkeit in Deutschland: zur Entstehung einer sozialen Kategorie},
	isbn = {978-3-593-37892-3},
	series = {Theorie und Gesellschaft},
	shorttitle = {Arbeitslosigkeit in Deutschland},
	abstract = {Arbeitslosigkeit gibt es als Begriff und als sozialen Status erst seit dem Ende des 19. Jahrhunderts. Zuvor hatte man ein paar Wochen Arbeit, dann wieder nicht, wer arm war, verdingte sich als Saisonarbeiter. Erst mit Industrialisierung und Bevölkerungswachstum und der damit einhergehenden Sorge des Bürgertums angesichts eines wachsenden Proletariats ergab sich staatlicher und politischer Handlungsbedarf. Bénédicte Zimmermann schließt eine Lücke in der historischen Soziologie des deutschen Wohlfahrtsstaates, indem sie von den ersten Debatten bis zur Gründung einer Pflichtversicherung gegen Arbeitslosigkeit die Genese eines sozialen Problems rekonstruiert. Sie nimmt die Akteure in den Blick,von lokalen Verwaltungen über Gewerkschafter, Arbeitgeber und Sozialwissenschaftler bis zu den Politikern, aber auch den Wandel der politischen Sprache, die den Arbeitslosen als solchen benannte. So zeigt sie die langsame Entstehung einer sozialen Institution, die heute eine Grundlage des Arbeitsrechts in Deutschland bildet},
	pagetotal = {317},
	number = {56},
	publisher = {Campus},
	author = {Zimmermann, Bénédicte},
	date = {2006},
	file = {Table of Contents PDF:C\:\\Users\\ma1171168\\Zotero\\storage\\2N62ESE4\\Zimmermann et al. - 2006 - Arbeitslosigkeit in Deutschland zur Entstehung ei.pdf:application/pdf},
}

@book{schneider_wissensproduktion_2013,
	location = {Frankfurt am Main},
	title = {Wissensproduktion im Staat: das königlich preussische statistische Bureau 1860–1914},
	isbn = {978-3-593-39959-1},
	shorttitle = {Wissensproduktion im Staat},
	pagetotal = {467},
	publisher = {Campus Verlag},
	author = {Schneider, Michael C.},
	date = {2013},
	note = {{OCLC}: ocn885180346},
	keywords = {20th century, History, 19th century, 1870-, Germany Prussia, Königliches Statistisches Bureau, Prussia (Germany), Statistics},
}

@incollection{criblez_schweizerische_2013,
	location = {Bad Heilbrunn},
	title = {Die Schweizerische gemeinnützige Gesellschaft – ein pädagogisches Netzwerk in der Schweiz des 19. Jahrhunderts},
	pages = {167--178},
	booktitle = {Netzwerke in bildungshistorischer Perspektive},
	publisher = {Klinkhart},
	author = {Criblez, Lucien},
	editor = {Grunder, Hans-Ulrich and Hoffmann-Ocon, Andreas and Metz, Peter},
	date = {2013},
}

@collection{trohler_zukunft_2008,
	location = {Zürich},
	title = {Zukunft bilden: die Geschichte der modernen Zürcher Volksschule},
	isbn = {978-3-03823-470-8},
	shorttitle = {Zukunft bilden},
	pagetotal = {262},
	publisher = {Neue Zürcher Zeitung {NZZ} Libro},
	editor = {Tröhler, Daniel and Bosche, Anne and Hardegger, Urs and Bürchler, Felix and De Vincenti, Andrea},
	date = {2008},
}

@book{hunziker_blatter_1884,
	location = {Zürich},
	title = {Blätter zur Geschichte der zürcherischen Schulsynode 1834–1884: zur Feier des fünfzigjährigen Bestandes derselben dargebracht},
	url = {https://zph.swisscovery.slsp.ch/permalink/41SLSP_PHZ/184tvb6/alma990085244770205521},
	publisher = {Schabelitz},
	author = {Hunziker, Karl Otto},
	date = {1884},
}

@mvbook{hunziker_geschichte_1881,
	location = {Zürich},
	title = {Geschichte der Schweizerischen Volksschule in gedrängter Darstellung : mit Lebensabrissen der bedeutenderen Schulmänner und um das schweizerische Schulwesen besonders verdienter Personen bis zur Gegenwart},
	volumes = {3},
	publisher = {F. Schulthess},
	author = {Hunziker, Karl Otto},
	date = {1881},
}

@incollection{rothenbuhler_neue_2010,
	location = {Zürich},
	title = {Eine neue Schule – ein neuer Staat? Diskussionen um die Volksschule, 1820–1850},
	booktitle = {Freiwillig verpflichtet. Gemeinnütziges Denken und Handeln in der Schweiz seit 1800},
	publisher = {{NZZ} Libro},
	author = {Rothenbühler, Verena},
	editor = {Schweizerische Gemeinnützige Gesellschaft},
	date = {2010},
}

@book{stefanowitsch_anatol_corpus_2020,
	location = {Berlin},
	title = {Corpus linguistics: A guide to the methodology},
	rights = {Creative Commons Attribution Share Alike 4.0 International, Open Access},
	series = {Textbooks in Language Sciences},
	shorttitle = {Corpus linguistics},
	abstract = {Corpora are used widely in linguistics, but not always wisely. This book attempts to frame corpus linguistics systematically as a variant of the observational method. The first part introduces the reader to the general methodological discussions surrounding corpus data as well as the practice of doing corpus linguistics, including issues such as the scientific research cycle, research design, extraction of corpus data and statistical evaluation. The second part consists of a number of case studies from the main areas of corpus linguistics (lexical associations, morphology, grammar, text and metaphor), surveying the range of issues studied in corpus linguistics while at the same time showing how they fit into the methodology outlined in the first part.},
	number = {7},
	publisher = {Language Science Press},
	author = {Stefanowitsch, Anatol},
	date = {2020},
	keywords = {corpus linguistics},
}

@incollection{nielander_historische_2018,
	location = {Göttingen},
	edition = {1},
	title = {Historische Schulbücher als digitales Korpus für die Forschung: Auswahl und Aufbau einer digitalen Schulbuchbibliothek},
	isbn = {978-3-8471-0953-2 978-3-7370-0953-9},
	url = {https://www.vr-elibrary.de/doi/10.14220/9783737009539.21},
	shorttitle = {Historische Schulbücher als digitales Korpus für die Forschung},
	pages = {21--44},
	booktitle = {Digital Humanities in der internationalen Schulbuchforschung},
	publisher = {V\&R unipress},
	author = {Hertling, Anke and Klaes, Sebastian},
	editor = {Nieländer, Maret and De Luca, Ernesto William},
	urldate = {2023-03-12},
	date = {2018-12-03},
	langid = {german},
	doi = {10.14220/9783737009539.21},
}

@incollection{busse_ist_1994,
	location = {Opladen},
	title = {Ist Diskurs ein sprachwissenschaftliches Objekt? Zur Methodenfrage der historischen Semantik},
	pages = {10--28},
	booktitle = {Begriffsgeschichte und Diskursgeschichte. Methodenfragen und Forschungsergebnisse der historischen Semantik},
	publisher = {Westdeutscher Verlag},
	author = {Busse, Dietrich and Teubert, Wolfgang},
	date = {1994},
}

@article{burckhardt_distant_2019,
	title = {Distant Reading in der Zeitgeschichte. Möglichkeiten und Grenzen einer computergestützten Historischen Semantik am Beispiel der {DDR}-Presse},
	volume = {16},
	rights = {Mit freundlicher Genehmigung des jeweiligen Autors / Verlags für Online-Ausgabe der Zeitschrift Zeithistorische Forschungen},
	doi = {10.14765/ZZF.DOK-1345},
	abstract = {Elektronisches Publizieren und online verfügbare Quellenbestände haben die Geschichtswissenschaft verändert. Gesunkene Zugangshürden und einfache Suchmöglichkeiten beschleunigen den Blick in Quellen sowie Literatur und verbreitern die empirische Basis. Programme zum Bibliographieren, Recherchieren und Exzerpieren ersetzen den Zettelkasten, strukturieren unser Wissen neu und vereinfachen den Blick über geographische und disziplinäre Grenzen hinaus. In der Geschichtswissenschaft viel weniger bekannt sind dagegen Möglichkeiten zur Untersuchung großer Textkorpora mittels computerlinguistischer Methoden. Solche Forschungen versuchen qualitative und quantitative Analyseschritte miteinander zu verbinden. Dieser Sprung von der »digitalisierten« zu einer »digitalen« Geschichtswissenschaft, die algorithmische Analyseverfahren methodisch innovativ nutzt und reflektiert, ist längst noch nicht vollzogen.},
	pages = {177--196},
	number = {1},
	journaltitle = {Zeithistorische Forschungen},
	author = {Burckhardt, Daniel and Geyken, Alexander and Saupe, Achim and Werneke, Thomas},
	date = {2019},
}

@article{lemke_text_2015,
	title = {Text und soziale Wirklichkeit: Theoretische Grundlagen und empirische Anwendung von Text-Mining-Verfahren in sozialwissenschaftlicher Perspektive},
	volume = {43},
	issn = {1613-0626, 0301-3294},
	doi = {10.1515/zgl-2015-0003},
	shorttitle = {Text und soziale Wirklichkeit},
	abstract = {Abstract
            Text mining methods applied in social sciences research are based on the premise that the analysis of texts leads to valid conclusions about social reality. The paper examines the theoretical and empirical aspects of this premise: first, it shows by recourse to the tradition of hermeneutics and the sociology of knowledge, how the relationship between text and social reality can be determined. Subsequently, it illustrates the heuristic performance of various text mining methods, using the bigram ‚social market economy‘ (ger. ‚Soziale Marktwirtschaft‘) as an example. The conclusion leads to the important analytical finding that only the constant procedural entanglement of Close and Distant Reading, referred to, in accordance with Moretti’s terminology, as Blended Reading, will allow the researcher to produce viable knowledge.},
	pages = {52--83},
	number = {1},
	journaltitle = {Zeitschrift für germanistische Linguistik},
	author = {Lemke, Matthias and Stulpe, Alexander},
	date = {2015},
}

@incollection{sarasin_sozialgeschichte_2012,
	location = {Göttingen},
	title = {Sozialgeschichte vs. Foucault im Google Books Ngram Viewer. Ein alter Streitfall in einem neuen Tool},
	pages = {151--174},
	booktitle = {Wozu noch Sozialgeschichte? Eine Disziplin im Umbruch},
	publisher = {V\&R unipress},
	author = {Sarasin, Philipp},
	editor = {Maeder, Pascal and Lüthi, Barbara and Mergel, Thomas},
	date = {2012},
}

@book{dilthey_aufbau_1992,
	location = {Stuttgart},
	edition = {8., unveränd. Aufl.},
	title = {Der Aufbau der geschichtlichen Welt in den Geisteswissenschaften},
	isbn = {978-3-525-30308-5},
	series = {Gesammelte Schriften},
	shorttitle = {Aufbau},
	number = {7},
	publisher = {Teubner},
	author = {Dilthey, Wilhelm},
	editor = {Groethuysen, Bernhard},
	date = {1992},
}

@book{landwehr_historische_2018,
	location = {Frankfurt, New York},
	edition = {2., aktualisierte Aufl.},
	title = {Historische Diskursanalyse},
	isbn = {978-3-593-50865-8},
	series = {Historische Einführungen},
	shorttitle = {Diskursanalyse},
	number = {4},
	publisher = {Campus},
	author = {Landwehr, Achim},
	date = {2018},
	file = {Table of Contents PDF:C\:\\Users\\ma1171168\\Zotero\\storage\\LQWTJV2V\\Landwehr - 2018 - Historische Diskursanalyse.pdf:application/pdf},
}

@collection{koselleck_geschichtliche_1972,
	location = {Stuttgart},
	title = {Geschichtliche Grundbegriffe: historisches Lexikon zur politisch-sozialen Sprache in Deutschland},
	isbn = {978-3-608-91500-6},
	shorttitle = {Geschichtliche Grundbegriffe},
	volumes = {8},
	publisher = {Klett-Cotta},
	editor = {Koselleck, Reinhart and Brunner, Otto and Conze, Werner},
	date = {1972},
}

@book{koselleck_begriffsgeschichten_2021,
	location = {Frankfurt am Main},
	edition = {5. Auflage},
	title = {Begriffsgeschichten: Studien zur Semantik und Pragmatik der politischen und sozialen Sprache},
	isbn = {978-3-518-29526-7},
	series = {Suhrkamp-Taschenbuch Wissenschaft},
	shorttitle = {Begriffsgeschichten},
	pagetotal = {569},
	number = {1926},
	publisher = {Suhrkamp},
	author = {Koselleck, Reinhart},
	date = {2021},
}

@incollection{trohler_nation-building_2023,
	location = {London},
	title = {Nation-building by education statistics and data. A comparative perspective on school surveys in Switzerland, France, and Scotland},
	isbn = {978-1-00-331598-8},
	series = {Oxford Studies in Comparative Education},
	pages = {55--76},
	booktitle = {Education, Curriculum and Nation-Building: Contributions of Comparative Education to the Understanding of Nations and Nationalism},
	publisher = {Routledge},
	editor = {Tröhler, Daniel},
	urldate = {2023-03-24},
	date = {2023-02-02},
	doi = {10.4324/9781003315988},
}

@incollection{trohler_classical_2011,
	location = {New York},
	title = {Classical Republicanism, Local Democracy, and Education. The Emergence of the Public School of the Republic of Zurich, 1770–1870},
	pages = {153--176},
	booktitle = {Schooling and the Making of Citizens in the Long Nineteenth Century. Comparative Visions},
	publisher = {Routledge},
	author = {Tröhler, Daniel},
	editor = {Tröhler, Daniel and Popkewitz, Thomas S. and Labaree, David F.},
	date = {2011},
}

@incollection{yeo_social_2003,
	location = {Cambridge},
	title = {Social surveys in the eighteenth and nineteenth centuries},
	volume = {7: The modern social sciences},
	pages = {83--99},
	booktitle = {The Cambridge history of science.},
	publisher = {Cambridge University Press},
	author = {Yeo, E. J.},
	editor = {Porter, Theodore M. and Ross, D.},
	date = {2003},
}

@incollection{dodde_von_1991,
	location = {Bochum},
	title = {Von der Standesschule zur Staatsschule. Die Entwicklung des Schulwesens in der Schweizerischen Eidgenossenschaft 1750–1830 am Beispiel der Kantone Bern und Zürich},
	isbn = {978-3-924517-33-5},
	pages = {581--626},
	booktitle = {Revolution des Wissens? Europa und seine Schulen im Zeitalter der Aufklärung (1750–1825) ein Handbuch zur europäischen Schulgeschichte},
	publisher = {D. Winkler},
	author = {Scandola, Pietro},
	editor = {Dodde, Nantko Lieven and Schmale, Wolfgang},
	date = {1991},
}

@software{hardie_cqpweb_2021,
	title = {{CQPweb}},
	url = {https://cwb.sourceforge.io/cqpweb.php},
	shorttitle = {{CQPWeb}},
	version = {3.2.43},
	author = {Hardie, Andrew},
	date = {2021},
}

@article{hodel_kleine_2013,
	title = {Das kleine Digitale: Ein Plädoyer für Kleinkorpora und gegen Grossprojekte wie Googles Ngram-Viewer},
	volume = {9},
	doi = {10.5167/UZH-82205},
	shorttitle = {Das kleine Digitale},
	pages = {103--119},
	journaltitle = {Nach Feierabend. Zürcher Jahrbuch für Wissensgeschichte},
	author = {Hodel, Tobias},
	date = {2013},
}

@article{hardie_cqpweb_2012,
	title = {{CQPweb} — combining power, flexibility and usability in a corpus analysis tool},
	volume = {17},
	issn = {1384-6655, 1569-9811},
	url = {http://www.jbe-platform.com/content/journals/10.1075/ijcl.17.3.04har},
	doi = {10.1075/ijcl.17.3.04har},
	abstract = {{CQPweb} is a new web-based corpus analysis system, intended to address the conflicting requirements for usability and power in corpus analysis software. To do this, its user interface emulates the {BNCweb} system. Like {BNCweb}, {CQPweb} is built on two separate query technologies: the {IMS} Open Corpus Workbench and the {MySQL} relational database. {CQPweb}’s main innovative feature is its flexibility; its more generalised data model makes it compatible with any corpus. The analysis options available in {CQPweb} include: concordancing; collocations; distribution tables and charts; frequency lists; and keywords or key tags.
            An evaluation of {CQPweb} against criteria earlier laid down for a future web-based corpus analysis tool suggests that it fulfils many, but not all, of the requirements foreseen for such a piece of software. Despite some limitations, in making a sophisticated query system accessible to untrained users, {CQPweb} combines ease of use, power and flexibility to a very high degree.},
	pages = {380--409},
	number = {3},
	journaltitle = {International Journal of Corpus Linguistics},
	shortjournal = {{IJCL}},
	author = {Hardie, Andrew},
	urldate = {2023-04-13},
	date = {2012},
	langid = {english},
}

@book{bosse_bildungsrevolution_2012,
	location = {Heidelberg},
	title = {Bildungsrevolution 1770–1830},
	isbn = {978-3-8253-6088-7},
	series = {Reihe Siegen. Germanistische Abteilung. Beiträge zur Literatur-, Sprach- und Medienwissenschaft},
	number = {169},
	publisher = {Winter},
	author = {Bosse, Heinrich},
	editor = {Ghanbari, Nacim},
	date = {2012},
	keywords = {History, Germany, Education and state, Education, Higher, Educational change, Educational innovations, School management and organization},
}

@inreference{graf_pestalozzi_2022,
	title = {Pestalozzi, Johann Heinrich},
	url = {https://hls-dhs-dss.ch/de/articles/009054/2022-02-15},
	booktitle = {Historisches Lexikon der Schweiz},
	author = {Graf, Ruedi},
	urldate = {2023-04-19},
	date = {2022},
}

@article{osterwalder_lhistoire_1998,
	title = {L’histoire préliminiare des conceptions libérales de l’éducation en Suisse pendant l’Ancien Régime},
	volume = {20},
	pages = {320--347},
	number = {3},
	journaltitle = {Bildungsforschung und Bildungspraxis. Schweizerische Zeitschrift für Erziehungswissenschaft},
	author = {Osterwalder, Fritz},
	date = {1998},
}

@misc{schmidt_stapfer-enquete_2015,
	title = {Die Stapfer-Enquête. Edition der helvetischen Schulumfrage von 1799},
	url = {https://www.stapferenquete.ch/},
	editor = {Schmidt, Heinrich Richard and Messerli, Alfred and Osterwalder, Fritz and Tröhler, Daniel},
	urldate = {2023-04-19},
	date = {2015},
}

@incollection{rothen_vergessenen_2014,
	location = {Bad Heilbrunn},
	title = {Die vergessenen Schulumfragen der Helvetischen Republik},
	isbn = {978-3-7815-1979-4},
	shorttitle = {Schulumfragen},
	pages = {33--54},
	booktitle = {Volksschule um 1800. Studien im Umfeld der Helvetischen Stapfer-Enquête 1799},
	publisher = {J. Klinkhardt},
	author = {Rothen, Marcel and Ruloff, Michael},
	editor = {Tröhler, Daniel},
	date = {2014},
}

@incollection{kamper_diskurslinguistik_2018,
	location = {Berlin},
	title = {Diskurslinguistik und Zeitgeschichte},
	isbn = {978-3-11-029607-5},
	series = {Handbücher Sprachwissen},
	pages = {53--74},
	number = {6},
	booktitle = {Handbuch Diskurs},
	publisher = {De Gruyter},
	author = {Kämper, Heidrun},
	editor = {Warnke, Ingo H.},
	date = {2018},
	doi = {10.1515/9783110296075-003},
	file = {Eingereichte Version:C\:\\Users\\ma1171168\\Zotero\\storage\\WKFJZ9EG\\Kämper - 2018 - 3. Diskurslinguistik und Zeitgeschichte.pdf:application/pdf},
}

@software{openai_chatgpt_2023,
	title = {{ChatGPT}},
	url = {https://chat.openai.com/},
	version = {March 23},
	author = {{OpenAI}},
	date = {2023},
}

@inreference{grunder_primarschule_2012,
	title = {Primarschule},
	url = {https://hls-dhs-dss.ch/de/articles/010402/2012-06-14/},
	booktitle = {Historisches Lexikon der Schweiz},
	author = {Grunder, Hans-Ulrich},
	urldate = {2023-04-26},
	date = {2012},
}

@book{foucault_ordnung_2021,
	location = {Frankfurt am Main},
	edition = {16. Auflage, erweiterte Ausgabe},
	title = {Die Ordnung des Diskurses},
	isbn = {978-3-596-10083-5},
	series = {Fischer Taschenbuch Wissenschaft},
	shorttitle = {Ordnung},
	number = {10083},
	publisher = {Fischer-Taschenbuch},
	author = {Foucault, Michel},
	date = {2021},
}

@book{busse_historische_1987,
	location = {Stuttgart},
	title = {Historische Semantik. Analyse eines Programms},
	series = {Sprache und Geschichte},
	shorttitle = {Analyse},
	number = {13},
	publisher = {Klett-Cotta},
	author = {Busse, Dietrich},
	date = {1987},
}

@incollection{busse_begriffsgeschichte_nodate,
	location = {Heidelberg},
	title = {Begriffsgeschichte oder Diskursgeschichte? Zu theoretischen Grundlagen und Methodenfragen einer historisch-semantischen Epistemologie},
	shorttitle = {Begriffsgeschichte},
	pages = {17--38},
	booktitle = {Herausforderungen der Begriffsgeschichte},
	publisher = {Winter},
	author = {Busse, Dietrich},
}

@book{osterhammel_verwandlung_2010,
	location = {München},
	title = {Die Verwandlung der Welt: eine Geschichte des 19. Jahrhunderts},
	isbn = {978-3-8389-0044-5},
	shorttitle = {Verwandlung},
	abstract = {Verlagsinfo: In dieser grandiosen Weltgeschichte des 19. Jahrhunderts erzählt Jürgen Osterhammel kundig, schwungvoll und facettenreich die Geschichte einer Welt im Umbruch. Aus einer Fülle an Material und einer Vielzahl unterschiedlicher Blickwinkel entsteht dabei das tiefgründige Porträt einer faszinierenden Epoche. Osterhammel fragt nach Strukturen und Mustern, markiert Zäsuren und Kontinuitäten, Gemeinsamkeiten und Unterschiede. Seine kulturübergreifenden, thematisch aufgefächerten Darstellungen und Analysen verbinden sich dabei zu einem kühnen Geschichtspanorama, das nicht nur traditionelle eurozentrische Ansätze weit hinter sich läßt, sondern auch erheblich mehr bietet als die gängigen historiographischen Paradigmen wie Industrialisierung oder Kolonialismus. Die Herausbildung unterschiedlicher Wissensgesellschaften, das Verhältnis Mensch-Natur oder der Umgang mit Krankheit und Andersartigkeit kommen darin ebenso zur Sprache wie Besonderheiten der Urbanisierung, verschiedene Formen von Bürgerlichkeit oder die Gegensätze von Migration und Seßhaftigkeit, Anpassung und Revolte, Säkularisierung und Religiosität. Zugleich stellt Osterhammel immer wieder Bezüge zur Gegenwart her. Auf der Höhe der Forschung, engagiert geschrieben und zugleich wohltuend unideologisch, ist sein Werk nicht nur ein unverzichtbares Handbuch für jeden Historiker. Seine plastischen Schilderungen ziehen auch den interessierten Laien in den Bann eines Jahrhunderts, dessen historische Bedeutung in dieser fulminanten Epochengeschichte ganz neu ausgelotet wird},
	publisher = {C.H. Beck},
	author = {Osterhammel, Jürgen},
	date = {2010},
	file = {Table of Contents PDF:C\:\\Users\\ma1171168\\Zotero\\storage\\N6L6ABK4\\Osterhammel - 2010 - Die Verwandlung der Welt eine Geschichte des 19. .pdf:application/pdf},
}

@incollection{holenstein_reform_2014,
	location = {Bad Heilbrunn},
	title = {Reform und Rationalität. Die Enquêten in der Wissens- und  Verwaltungsgeschichte der Helvetischen Republik},
	isbn = {978-3-7815-1979-4},
	shorttitle = {Reform},
	pages = {13--32},
	booktitle = {Volksschule um 1800. Studien im Umfeld der Helvetischen Stapfer-Enquête 1799},
	publisher = {J. Klinkhardt},
	author = {Holenstein, André},
	editor = {Tröhler, Daniel},
	date = {2014},
}

@incollection{koselleck_einleitung_1972,
	title = {Einleitung},
	volume = {1},
	shorttitle = {Einleitung},
	volumes = {8},
	pages = {XIII--XXVII},
	booktitle = {Geschichtliche Grundbegriffe. Lexikon zur politisch-sozialen Sprache in Deutschland},
	publisher = {Ernst Klett},
	author = {Koselleck, Reinhart},
	editor = {Brunner, Otto and Conze, Werner and Koselleck, Reinhart},
	date = {1972},
}

@incollection{criblez_erziehung_1998,
	location = {Zürich},
	title = {Erziehung zur Nation: nationale Gesinnungsbildung in der Schule des 19. Jahrhunderts},
	series = {Die Schweiz 1798–1998},
	shorttitle = {Erziehung},
	pages = {167--187},
	number = {4},
	booktitle = {Die Konstruktion einer Nation: Nation und Nationalisierung in der Schweiz, 18.–20. Jahrhundert},
	publisher = {Chronos},
	author = {Criblez, Lucien and Hofstetter, Rita},
	editor = {Altermatt, Urs and Bosshart-Pfluger, Catherine and Tanner, Albert},
	date = {1998},
	keywords = {History, Nationalism, Switzerland},
}

@article{buchner_zur_2020,
	title = {Zur Konjunktur des Zählens – oder wie man Quantifizierung quantifiziert. Eine empirische Analyse der Anwendung quantitativer Methoden in der deutschen Geschichtswissenschaft},
	volume = {310},
	doi = {10.1515/hzhz-2020-0019},
	shorttitle = {Konjunktur},
	pages = {580--621},
	number = {3},
	journaltitle = {Historische Zeitschrift},
	author = {Buchner, Michael and Jopp, Tobias A. and Spoerer, Mark and Wehrheim, Lino},
	date = {2020},
}

@incollection{bubenhofer_korpuspragmatische_2014,
	location = {Trier},
	title = {Korpuspragmatische Methoden für kulturanalytische Fragestellungen},
	isbn = {978-3-86821-515-1},
	series = {Giessen Contributions to the Study of Culture},
	shorttitle = {Korpuspragmatische},
	pages = {47--66},
	number = {11},
	booktitle = {Kommunikation, Korpus, Kultur: Ansätze und Konzepte einer kulturwissenschaftlichen Linguistik},
	publisher = {Wissenschaftlicher Verlag Trier},
	author = {Bubenhofer, Noah and Scharloth, Joachim},
	editor = {Benitt, Nora and Koch, Christopher and Müller, Katharina and Saage, Sven and Schüler, Lisa},
	date = {2014},
	keywords = {Corpora (Linguistics), Discourse analysis, Congresses, Interpersonal communication, Language and culture},
}

@article{noauthor_schulvisitationen_1855,
	title = {Schulvisitationen},
	volume = {2},
	shorttitle = {Schulvisitationen},
	pages = {268--281},
	number = {8},
	journaltitle = {Appenzellische Jahrbücher},
	date = {1855},
}

@incollection{gabrielatos_keyness_2018,
	location = {Abingdon},
	title = {Keyness analysis. Nature, metrics and techniques},
	isbn = {978-1-138-89578-2},
	abstract = {Corpus linguistics has now come of age and Corpus Approaches to Discourse equips students with the means to question, defend and refine the methodology. Looking at coprus linguistics in discourse research from a critical perspective, this volume is a call for greater reflexivity in the field. The chapters, each written by leading authorities, contain an overview of an emerging area and a case-study, presenting practical advice alongside theoretical reflection. Carefully structured with an introduction by the editors and a conclusion by leading researcher, Paul Baker, this is key reading for advanced students and reasearchers of corpus linguistics and discourse analysis--back cover},
	pages = {225--258},
	booktitle = {Corpus approaches to discourse: a critical review},
	publisher = {Routledge},
	author = {Gabrielatos, Costas},
	editor = {Taylor, Charlotte and Marchi, Anna},
	date = {2018},
}

@online{hardie_log_2014,
	title = {Log Ratio – an informal introduction},
	url = {https://cass.lancs.ac.uk/log-ratio-an-informal-introduction/},
	shorttitle = {Log Ratio},
	titleaddon = {{ESRC} Centre for Corpus Approaches to Social Science ({CASS})},
	author = {Hardie, Andrew},
	urldate = {2023-05-23},
	date = {2014-04-28},
}

@misc{ramisch_open_2022,
	title = {Open Discourse - eine Quellenkritik},
	url = {https://paulramisch.de/opendiscourse/beta/1_einleitung.html},
	author = {Ramisch, Paul},
	urldate = {2023-05-25},
	date = {2022},
}

@article{noauthor_nachlese_1838,
	title = {Nachlese von 1837},
	volume = {14},
	shorttitle = {Nachlese},
	pages = {27--32},
	number = {2},
	journaltitle = {Appenzellisches Monatsblatt},
	date = {1838},
}

@article{j_erste_1865,
	title = {Die erste obligatorische Frage},
	volume = {8},
	shorttitle = {Frage},
	pages = {73--74},
	number = {19},
	journaltitle = {Neue Berner Schul-Zeitung},
	author = {J., J. J.},
	date = {1865},
}

@book{bruckweh_menschen_2015,
	location = {Berlin, Boston},
	title = {Menschen zählen: Wissensproduktion durch britische Volkszählungen und Umfragen vom 19. Jahrhundert bis ins digitale Zeitalter},
	isbn = {978-3-11-040778-5},
	series = {Veröffentlichungen des Deutschen Historischen Instituts London},
	shorttitle = {Menschen zählen},
	number = {76},
	publisher = {De Gruyter Oldenbourg},
	author = {Brückweh, Kerstin},
	date = {2015},
	keywords = {Great Britain, Research, Social sciences, Census},
}

@article{putnam_transnational_2016,
	title = {The Transnational and the Text-Searchable: Digitized Sources and the Shadows They Cast},
	volume = {121},
	issn = {0002-8762, 1937-5239},
	doi = {10.1093/ahr/121.2.377},
	shorttitle = {The Transnational and the Text-Searchable},
	pages = {377--402},
	number = {2},
	journaltitle = {The American Historical Review},
	shortjournal = {The American Historical Review},
	author = {Putnam, Lara},
	date = {2016},
	langid = {english},
	file = {Volltext:C\:\\Users\\ma1171168\\Zotero\\storage\\6H6J6W6I\\Putnam - 2016 - The Transnational and the Text-Searchable Digitiz.pdf:application/pdf},
}

@article{dipper_geschichtlichen_2000,
	title = {Die „Geschichtlichen Grundbegriffe“: Von der Begriffsgeschichte zur Theorie der historischen Zeiten},
	volume = {270},
	issn = {2196-680X, 0018-2613},
	doi = {10.1524/hzhz.2000.270.jg.281},
	shorttitle = {Die „Geschichtlichen Grundbegriffe“},
	pages = {281--308},
	number = {1},
	journaltitle = {Historische Zeitschrift},
	author = {Dipper, Christof},
	date = {2000},
}

@article{bubenhofer_wenn_2018,
	title = {Wenn „Linguistik“ in „Korpuslinguistik“ bedeutungslos wird. Vier Thesen zur Zukunft der Korpuslinguistik},
	volume = {92},
	shorttitle = {Wenn},
	pages = {17--30},
	journaltitle = {Osnabrücker Beiträge zur Sprachtheorie},
	author = {Bubenhofer, Noah},
	date = {2018},
}

@article{sch_mittheilungen_1856,
	title = {Mittheilungen über den Zustand und die Entwickelung des schweizerischen Schulwesens. St. Gallen},
	volume = {1},
	shorttitle = {Mittheilungen},
	pages = {364--368},
	number = {12},
	journaltitle = {Pädagogische Monatsschrift für die Schweiz},
	author = {Sch., J. J.},
	date = {1856},
}

@article{noauthor_kanton_1840,
	title = {Kanton Bern},
	volume = {6},
	pages = {349--358},
	number = {7},
	journaltitle = {Allgemeine schweizerische Schulblätter},
	date = {1840},
}

@article{noauthor_schulnachrichten_1866,
	title = {Schulnachrichten. Thurgau},
	volume = {11},
	pages = {23--24},
	number = {3},
	journaltitle = {Schweizerische Lehrerzeitung},
	date = {1866},
}

@article{nathaus_sozialgeschichte_2012,
	title = {Sozialgeschichte und Historische Sozialwissenschaft},
	doi = {10.14765/ZZF.DOK.2.268.V1},
	journaltitle = {Docupedia-Zeitgeschichte},
	author = {Nathaus, Klaus},
	urldate = {2023-05-31},
	date = {2012},
}

@incollection{hohls_digital_2018,
	location = {Berlin},
	edition = {2. erw. und aktualisierte Aufl.},
	title = {Digital Humanities und digitale Geschichtswissenschaften},
	series = {Historisches Forum},
	pages = {A.1--1--A.1--34},
	number = {23},
	booktitle = {Clio-Guide. Ein Handbuch zu digitalen Ressourcen für die Geschichtswissenschaften},
	publisher = {Humboldt-Universität},
	author = {Hohls, Rüdiger},
	editor = {Busse, Laura and Enderle, Wilfried and Hohls, Rüdiger and Meyer, Thomas and Prellwitz, Jens and Schuhmann, Annette},
	date = {2018},
	keywords = {809 Geschichte, Darstellung, kritische Bewertung von mehr als zwei Literaturen},
}

@article{noauthor_verschiedenes_1864,
	title = {Verschiedenes},
	volume = {7},
	pages = {144},
	number = {36},
	journaltitle = {Neue Berner Schul-Zeitung},
	date = {1864},
}

@article{noauthor_schulnachrichten_1867,
	title = {Schulnachrichten. Genf.},
	volume = {12},
	pages = {152--153},
	number = {19},
	journaltitle = {Schweizerische Lehrerzeitung},
	date = {1867},
}

@incollection{criblez_einleitung_1999,
	location = {Bern},
	title = {Einleitung},
	isbn = {978-3-906763-77-4},
	shorttitle = {Einleitung},
	pages = {19--35},
	booktitle = {Eine Schule für die Demokratie. Zur Entwicklung der Volksschule in der Schweiz im 19. Jahrhundert},
	publisher = {Peter Lang},
	author = {Criblez, Lucien and Hofstetter, Rita and Magnin, Charles},
	editor = {Criblez, Lucien and Jenzer, Carlo and Hofstetter, Rita and Magnin, Charles},
	date = {1999},
}

@article{noauthor_general-bericht_1834,
	title = {General-Bericht der Schulkapitel an die Schulsynode},
	volume = {1},
	pages = {22--30},
	journaltitle = {Bericht über die Verhandlungen der Zürcherischen Schulsynode},
	date = {1834},
}

@article{noauthor_bernische_1864,
	title = {Die bernische Schule auf der Anklagebank (V.)},
	volume = {7},
	pages = {183--185},
	number = {46},
	journaltitle = {Neue Berner Schul-Zeitung},
	date = {1864},
}

@misc{schiller_guidelines_1999,
	title = {Guidelines für das Tagging deutscher Textcorpora mit {STTS}},
	url = {http://www.sfs.uni-tuebingen.de/resources/stts-1999.pdf},
	shorttitle = {Guidelines},
	publisher = {Universitäten Stuttgart und Tübingen},
	author = {Schiller, Anne and Teufel, Simone and Stöckert, Christine},
	urldate = {2023-06-02},
	date = {1999},
}

@book{maissen_geschichte_2011,
	location = {Baden},
	edition = {3. korrigierte Aufl.},
	title = {Geschichte der Schweiz},
	isbn = {978-3-03919-174-1},
	publisher = {Hier + Jetzt},
	author = {Maissen, Thomas},
	date = {2011},
	keywords = {History, Switzerland},
}

@article{noauthor_mittheilungen_1858,
	title = {Mittheilungen über den Zustand und die Entwicklung des schweizerischen Schulwesens. Waadt},
	volume = {3},
	pages = {285--292},
	number = {6},
	journaltitle = {Pädagogische Monatsschrift für die Schweiz},
	date = {1858},
}

@article{noauthor_jahresbericht_1858,
	title = {Jahresbericht der h. Direktion des Erziehungswesens über den Zustand des zürcherischen Erziehungswesens im Schuljahre 1857–58},
	volume = {25},
	pages = {22--58},
	journaltitle = {Bericht über die Verhandlungen der Zürcherischen Schulsynode},
	date = {1858},
}

@article{noauthor_neuesten_1868,
	title = {Die neuesten Schulverordnungen von Appenzell-Außer- und Innerrhoden},
	volume = {9},
	shorttitle = {Schulverordnungen},
	pages = {56--73},
	number = {6},
	journaltitle = {Appenzellische Jahrbücher},
	date = {1868},
}

@article{noauthor_korrespondenzen_1858,
	title = {Korrespondenzen},
	volume = {1},
	pages = {14--16},
	number = {4},
	journaltitle = {Neue Berner Schul-Zeitung},
	date = {1858},
}

@online{noauthor_german_2022,
	title = {German Fraktur 19th–20th century},
	url = {https://readcoop.eu/de/modelle/german-fraktur-19th-20th-century/},
	titleaddon = {{READ}-{COOP}},
	urldate = {2023-06-04},
	date = {2022},
	file = {Snapshot:C\:\\Users\\ma1171168\\Zotero\\storage\\PVSSZUYT\\german-fraktur-19th-20th-century.html:text/html},
}

@online{noauthor_druckwerke_2022,
	title = {Druckwerke},
	url = {https://ocr-bw.bib.uni-mannheim.de/anwendung/druckwerke/#Hinweise-zur-Texterkennunge/},
	titleaddon = {{OCR}-{BW}},
	urldate = {2023-06-04},
	date = {2022},
	file = {Druckwerke | OCR-BW:C\:\\Users\\ma1171168\\Zotero\\storage\\JKICKC6C\\druckwerke.html:text/html},
}

@incollection{guha_chandras_1987,
	location = {Delhi},
	title = {Chandra’s Death},
	pages = {135--165},
	booktitle = {Subaltern Studies V. Writings on South Asian History and Society},
	publisher = {Oxford University Press},
	author = {Guha, Ranajit},
	editor = {Guha, Ranajit},
	date = {1987},
}
